1465 2093
515 211 655 225 Emsrommm
667 211 728 228 mum,
743 211 816 225 nullm.
1093 211 1127 230 43¹

183 262 231 281 iste
246 262 381 281 Cracoviensis
396 263 529 287 Episcopatus,
545 269 602 287 quem
618 263 715 287 possideo,
730 263 822 287 dignitate
837 262 975 287 amplissimuS,
990 262 1033 281 loco
1048 263 1130 281 celeber-

184 294 266 317 rimus,
280 293 342 313 fructu
357 294 474 317 uberrimus,
492 294 629 313 commoditate
644 298 662 312 et
676 294 771 319 plerisque
786 294 843 312 rebus
857 294 1011 318 jucundissimus.
1032 293 1069 312 Sed
1085 294 1132 311 nihil

183 329 262 344 tamen
278 331 364 350 unquam
379 325 446 348 extitit,
460 326 512 350 quod
527 321 599 350 major'e
614 332 644 344 me
659 326 750 344 suavitate
766 325 895 350 perfunderet,
910 331 968 349 quarn
983 325 1020 343 hoc
1033 329 1060 343 est
1075 325 1132 347 istud,

186 357 251 381 quod
267 357 290 375 de
306 356 427 375 serenissimi
442 356 499 381 Regis
514 357 574 375 nostri
589 361 607 375 et
622 357 699 375 Domini
718 357 778 375 nostri
793 356 943 375 clementissimi
958 356 1029 380 nuptiis
1042 357 1052 378 ¹,
1070 356 1132 380 deque

186 388 263 406 Mtatis
277 388 300 406 V.
316 388 335 406 S.
350 388 374 406 ad
389 394 430 406 earn
446 394 486 406 rem
501 388 600 407 voluntate
615 392 633 406 et
646 388 711 407 studio
725 388 747 406 iis
762 388 829 406 diebus
848 388 884 406 huc
899 392 927 406 est
941 388 1025 406 allatum.
1043 389 1070 405 Ac
1085 387 1132 406 mihi

188 419 277 444 quidem
298 419 398 444 superiora
417 424 505 444 tempora
525 425 569 438 cum
584 419 605 437 iis
620 419 660 437 istis
674 419 788 442 conserenti,
808 419 846 437 fato
862 423 923 439 res,et
936 419 1028 443 singulari
1048 419 1132 443 quadarn

189 450 233 469 Dei
249 451 365 469 Immortalis
380 450 499 475 providentia
519 454 576 475 atque
591 451 671 469 numine
685 451 725 475 geri
743 456 794 468 nunc
809 450 888 468 videtur.
908 450 988 468 Memini
1003 450 1065 473 enirn,
1080 456 1131 468 anno

191 482 289 507 proximo
310 488 371 507 quum
391 482 414 500 ad
430 488 465 500 nos
479 488 489 500 a
504 482 526 500 V.
542 482 561 500 S.
576 482 635 500 Mtate
655 481 769 506 Magnificus
788 481 842 500 Dnus
861 481 996 506 Sigismundus
1016 481 1133 500 Erbestein2

193 513 240 537 eliis
253 513 273 532 in
288 514 345 532 rebus
359 513 432 538 legatus
446 517 500 535 esset,
520 519 541 532 ac
555 513 602 531 mihi
618 519 661 531 cum
676 513 709 531 illo
723 513 811 537 privatim
827 513 932 536 dejisdem
951 518 1015 531 sermo
1030 517 1087 535 esset,
1102 519 1132 531 me

195 545 266 563 eadem
281 545 305 563 nd
320 544 339 563 S.
354 551 418 563 meum
433 545 506 569 Regem
522 544 614 567 retulisse,
629 544 736 568 eademque
750 544 851 562 censuisse.
870 544 922 566 Quid
936 548 999 562 autem
1015 550 1085 568 quaeso
1100 548 1133 563 aut

196 579 293 600 quantum
314 575 401 594 effectum
416 575 459 598 fuir,
480 582 541 600 quum
556 575 645 594 humanis
660 581 689 594 tes
704 575 801 599 praesidiis
820 575 899 594 stabiliri
914 574 1019 594 videretur?
1039 575 1132 600 Principis

178 608 185 631 ζ
197 606 244 625 haec
259 613 305 625 sane
320 607 369 625 Mtas
384 607 481 625 audiendo
495 613 534 625 non
549 607 615 625 audire
630 607 668 625 visa
682 606 728 630 t'uit,
741 606 807 625 alienis
821 613 831 625 a
846 606 969 627 matrimonio
984 607 1133 631 cogitationibus

198 643 299 663 occupata.
322 638 378 656 Nunc
397 642 462 656 autem
481 638 513 656 ubi
534 638 569 656 Dei
584 638 662 656 Maximi
677 638 695 656 vi
710 638 792 662 impulsa
807 642 864 661 esset,
879 638 904 656 ita
919 638 972 656 facile
987 638 1052 656 omnia
1066 638 1132 661 audiit,

198 673 219 688 ut
233 675 253 688 se
268 669 308 693 ipsa
324 669 428 692 inflexisse,
448 675 482 687 sua
497 675 536 688 non
550 673 624 688 tantum
639 669 747 692 voluntate,
764 670 797 687 sed
812 669 868 687 etiam
881 669 950 687 laetitia
965 673 984 687 et
998 670 1091 694 applausu
1106 670 1132 688 vi-

198 700 273 719 deatur.
288 700 380 718 Gratulor
394 700 469 719 medius
484 700 540 719 fidius
555 700 589 719 hac
601 694 636 719 ista
651 706 715 719 rerum
730 704 768 719 tarn
783 701 866 725 jucunda
879 704 897 719 et
908 701 985 719 salutari
1001 701 1132 723 conversione,

199 735 241 750 turn
253 732 276 750 V.
288 732 352 750 Mtatis
363 732 383 750 S.
398 732 506 757 domusque
521 732 574 750 istius
590 732 667 750 inclitae
681 732 799 754 Austriacae,
814 736 855 750 tum
876 736 941 750 nostra
955 732 1011 750 etiam
1033 732 1133 757 Regnique

199 763 267 786 nostri,
282 768 323 781 tum
335 769 380 781 vero
395 763 495 788 utriusque
509 770 565 782 causa
577 768 595 782 et
607 763 685 782 ratione.
700 764 749 782 Nam
762 767 780 781 et
792 763 903 781 Austriacae
918 763 1000 782 familiae
1015 769 1056 782 mea
1071 764 1133 782 studia

198 794 238 819 jam
252 794 327 819 pridem
346 794 431 813 dedicavi
446 798 464 813 et
478 794 513 813 Rei
528 799 604 813 nostrae
618 795 706 819 publicae
723 795 788 813 omnia
802 795 874 817 debeo,
895 799 914 813 et
927 795 1027 819 utriusque
1046 795 1133 813 consola>

198 825 274 844 tionem
293 825 355 844 amavi
375 832 451 850 semper
465 830 483 844 et
497 831 591 850 perpetuo
610 826 686 844 tuebor.
712 826 777 851 ltaque
797 826 854 844 velim
868 826 904 844 sibi
919 826 938 844 S.
954 826 1003 844 Mtas
1018 826 1040 844 V.
1055 832 1133 851 persua-

198 857 250 880 deat,
264 863 295 875 rne
309 857 365 881 plane
380 857 399 875 in
414 863 480 876 earum
495 857 606 881 nuptiarum
622 858 651 876 vel
665 857 802 876 confirmandis
819 857 884 880 initiis,
899 858 928 876 vel
942 858 1075 882 progressibus
1088 864 1133 882 pro-

198 888 292 913 pagandis
306 894 351 907 eum
366 888 413 911 fore,
428 889 460 913 qui
476 888 514 907 fide
528 893 585 913 atque
601 889 698 913 diligentia
715 889 786 907 nemini
801 889 837 907 sim
852 894 939 907 cessurus
954 895 1030 911 eorum,
1049 889 1081 913 qui
1096 889 1133 907 huc

198 926 209 937 n
224 919 284 938 Mtate
298 919 321 938 V.
336 919 355 938 S.
376 920 416 944 ejus
431 920 457 938 rei
472 920 530 944 gratia
545 920 569 938 de
584 920 677 938 industria
692 920 770 938 fortasse
788 920 840 938 missi
855 926 895 938 esse
909 924 927 938 et
941 920 997 944 legati
1017 920 1132 938 viderentur.

199 950 242 975 Ipsa
262 951 321 969 modo
341 951 387 975 quid
401 957 432 969 me
446 951 500 974 velit,
520 952 585 976 jubeat
599 951 702 976 aliquando
721 955 779 976 atque
797 951 880 969 mandet.
904 951 962 973 Quod
976 951 991 969 si
1006 951 1062 970 nobis
1082 951 1133 970 Deus

198 983 296 1001 Aeternus
311 986 329 1000 et
344 982 460 1000 Immortalis
474 988 496 1000 ex
511 982 545 1001 hac
560 982 613 1001 istius
628 982 705 1001 lnclitae
720 982 802 1001 familiae
821 982 913 1001 affinitate
927 982 989 1007 Regni
1003 988 1132 1001 successorem

199 1017 218 1032 et
232 1013 324 1031 heredem
344 1013 426 1036 dederit,
446 1013 465 1031 id
483 1013 536 1038 quod
555 1020 591 1038 ego
605 1014 642 1038 jam
662 1014 736 1038 pridem
757 1013 844 1038 profecto
860 1014 878 1031 iu
894 1013 935 1032 fatis
950 1020 989 1032 esse
1006 1013 1071 1036 video,
1091 1014 1132 1037 erit,

198 1050 234 1063 cur
249 1050 288 1062 non
303 1051 338 1063 nos
353 1045 423 1068 modo,
443 1045 475 1063 sed
490 1045 578 1063 universa
598 1045 654 1063 etiam
673 1049 737 1064 nostra
756 1045 857 1069 posteritas
877 1045 962 1063 studium
977 1045 996 1063 in
1011 1045 1059 1063 hanc
1079 1045 1133 1063 fami-

197 1076 245 1094 liam
260 1080 279 1094 et
293 1076 433 1094 observantiam
448 1076 516 1094 merito
531 1076 649 1100 profiteatur.
664 1077 695 1095 Me
709 1076 780 1095 interea
795 1077 814 1094 in
829 1076 851 1094 V.
867 1076 886 1094 S.
901 1076 965 1095 Mtatis
981 1077 1060 1101 gratiam
1075 1077 1100 1095 do
1115 1080 1133 1095 et

197 1107 262 1130 trado,
277 1107 307 1125 cui
322 1107 386 1125 omnia
401 1107 461 1126 fausta
476 1113 544 1132 precor
557 1112 614 1132 atque
628 1107 695 1126 felicia.
711 1107 821 1130 Cracuviae,
836 1108 853 1126 X
867 1108 938 1132 Aprilis
952 1108 1039 1126 MDLIH.

224 1179 270 1199 807.
540 1181 648 1201 Nicolao
662 1181 768 1201 Eadivfl
778 1181 790 1200 ³.

818 1227 933 1251 Cracoviae,
947 1229 972 1247 10
985 1229 1061 1253 Aprilis
1075 1229 1132 1247 1553.

263 1263 326 1282 Laetis
346 1264 435 1282 omnium
454 1264 555 1283 hominum
576 1264 654 1283 auribus
668 1269 725 1289 atque
745 1265 813 1283 animis
833 1268 932 1289 acceptum
948 1268 975 1283 est
990 1265 1026 1284 hoe
1041 1265 1132 1284 nuncium

199 1294 223 1313 de
237 1301 272 1319 spe
287 1294 408 1314 Serenissimi
423 1295 480 1320 Regis
495 1296 554 1314 nostri
570 1296 680 1320 nuptiarum
695 1300 713 1314 et
727 1295 824 1314 affinitatis
838 1296 953 1315 Austriacae.
969 1296 1030 1320 Cujus
1045 1297 1070 1315 rei
1085 1303 1133 1321 quo-

199 1326 253 1345 niam
268 1326 290 1344 V.
305 1327 333 1345 ΙΙΙ.
347 1327 393 1345 Dtio
407 1331 463 1346 autor
477 1327 566 1346 simulet
580 1327 723 1346 administrator
732 1327 739 1339 ⁴
756 1327 797 1350 fuit,
812 1333 901 1352 magnam
917 1328 956 1352 ejus
971 1328 1072 1346 voluntatis
1090 1334 1133 1353 par-

200 1361 239 1376 tem
254 1363 298 1382 erga
312 1364 332 1376 se
346 1358 443 1381 derivavit,
457 1364 494 1383 qua
508 1358 546 1377 hoc
561 1362 634 1377 tanturn
652 1358 766 1377 beneficium
786 1363 803 1377 et
818 1362 945 1383 prosecuntur
959 1359 997 1384 jam
1012 1365 1085 1382 omnes,
1100 1360 1133 1384 qui

199 1388 268 1407 vivunt
278 1389 298 1407 in
310 1389 398 1412 Polonia,
413 1393 431 1407 et
442 1389 475 1414 qui
490 1389 559 1412 vivent,
574 1394 668 1414 perpetuo
682 1394 828 1414 prosequentur.
842 1390 937 1415 Equidem
952 1391 975 1409 ad
990 1397 1033 1409 eam
1047 1391 1133 1415 gratiam,

200 1426 238 1445 qua
252 1420 283 1439 hic
298 1424 326 1439 est
342 1421 369 1439 lll.
389 1421 434 1439 Dtio
450 1421 480 1444 V.,
495 1421 510 1439 si
527 1421 570 1445 quis
584 1421 673 1439 accedere
688 1421 776 1439 cumulus
790 1421 860 1445 potuit,
874 1421 889 1439 is
901 1427 963 1446 neque
978 1428 997 1440 re
1012 1422 1052 1446 ipsa
1066 1422 1132 1446 jucun-

199 1451 251 1475 dior,
266 1457 329 1476 neque
343 1456 399 1477 gustu
414 1452 499 1474 suavior,
520 1458 582 1477 neque
597 1451 721 1470 diuturnitate
736 1452 843 1470 mirabilior
857 1453 946 1471 accedere
960 1453 1031 1477 potuit,
1046 1459 1103 1477 quarn
1118 1453 1133 1472 is

199 1482 235 1501 iste
255 1483 341 1506 accessit,
361 1489 401 1502 esse
419 1483 493 1508 Regem
512 1487 599 1502 nostrum
620 1489 653 1508 per
667 1483 690 1502 V.
706 1483 732 1501 111.
753 1483 842 1502 Dtionem
858 1488 877 1502 ct
889 1483 1029 1502 honestissimis
1048 1484 1133 1503 vinctum

198 1514 273 1539 nuptiis
287 1518 306 1533 et
319 1514 436 1539 amplissima
450 1519 508 1539 atque
528 1515 661 1539 potentissima
681 1515 772 1533 vallatum
791 1515 889 1533 affinitate.
910 1515 941 1533 Me
955 1521 1000 1534 sane
1020 1516 1072 1540 quod
1093 1515 1133 1540 ejus

197 1545 254 1564 istius
268 1551 303 1570 per
316 1546 379 1564 literas
399 1552 442 1564 suas
463 1546 528 1564 fecerit
542 1546 568 1564 Ill.
583 1546 629 1565 Dtio
643 1546 665 1565 V.
681 1546 791 1569 certiorem,
811 1552 889 1571 magnas
903 1546 929 1564 illi
944 1553 980 1571 ago
994 1551 1051 1571 atque
1071 1546 1133 1565 habeo

196 1577 276 1602 gratias.
297 1577 348 1600 Quid
363 1577 403 1596 Rex
417 1576 566 1596 Serenissimus?
587 1577 604 1596 Is
618 1578 665 1596 mihi
679 1584 724 1597 vero
743 1578 863 1596 avidissimus
880 1584 934 1602 spem
952 1578 1016 1596 obiam
1036 1582 1133 1602 acceptare

195 1612 227 1628 est
242 1608 303 1631 visus,
323 1615 368 1627 uam
382 1615 402 1627 re
416 1608 518 1627 confestim
537 1609 561 1627 ad
577 1615 620 1632 nos,
640 1609 674 1634 qui
691 1616 701 1628 a
716 1609 849 1628 secretioribus
869 1615 935 1627 sumus
954 1609 1049 1633 consiliis,
1069 1610 1132 1633 relata,

232 1677 238 1687 Ι
263 1676 305 1692 Cum
316 1676 399 1692 Cntherina
411 1676 498 1693 Austrince,
510 1676 603 1692 Ferdinandi
615 1676 651 1692 tilia.
716 1677 723 1687 ²
737 1677 844 1692 Herberstein.

229 1705 238 1716 ⁸
261 1703 316 1723 Nigro,
328 1703 398 1718 Palatino
410 1702 484 1718 Vitnensi.
548 1703 555 1713 ⁴
570 1703 619 1718 anit
631 1708 652 1718 on
663 1707 678 1718 w
689 1706 722 1723 tym
734 1703 768 1718 colu
780 1707 795 1718 w
806 1703 888 1718 Wiedniu.
