<?xml version="1.0" encoding="UTF-8"?>
<!DOCTYPE html PUBLIC "-//W3C//DTD XHTML 1.0 Transitional//EN"
    "http://www.w3.org/TR/xhtml1/DTD/xhtml1-transitional.dtd">
<html xmlns="http://www.w3.org/1999/xhtml" xml:lang="en" lang="en">
 <head>
  <title>
</title>
<meta http-equiv="Content-Type" content="text/html;charset=utf-8" />
  <meta name='ocr-system' content='tesseract 3.04.00' />
  <meta name='ocr-capabilities' content='ocr_page ocr_carea ocr_par ocr_line ocrx_word'/>
</head>
<body>
  <div class='ocr_page' id='page_1' title='image "actahistoricare06ulangoog_0392.png"; bbox 0 0 1465 2093; ppageno 0'>
   <div class='ocr_carea' id='block_1_1' title="bbox 496 209 1104 233">
    <p class='ocr_par' dir='ltr' id='par_1_1' title="bbox 496 209 1104 233">
     <span class='ocr_line' id='line_1_1' title="bbox 496 209 1104 233; baseline -0.002 -4"><span class='ocrx_word' id='word_1_1' title='bbox 496 216 636 230; x_wconf 68' lang='lat' dir='ltr'>mmmmm</span> <span class='ocrx_word' id='word_1_2' title='bbox 649 216 710 233; x_wconf 78' lang='lat' dir='ltr'>mm,</span> <span class='ocrx_word' id='word_1_3' title='bbox 725 216 782 229; x_wconf 69' lang='lat' dir='ltr'>amm.</span> <span class='ocrx_word' id='word_1_4' title='bbox 1071 209 1104 233; x_wconf 79' lang='lat'>351</span> 
     </span>
    </p>
   </div>
   <div class='ocr_carea' id='block_1_2' title="bbox 178 267 1107 349">
    <p class='ocr_par' dir='ltr' id='par_1_2' title="bbox 178 267 1107 349">
     <span class='ocr_line' id='line_1_2' title="bbox 178 267 1107 292; baseline -0.001 -6"><span class='ocrx_word' id='word_1_5' title='bbox 178 274 192 286; x_wconf 78' lang='lat' dir='ltr'>e</span> <span class='ocrx_word' id='word_1_6' title='bbox 209 274 298 292; x_wconf 84' lang='lat' dir='ltr'>quaeque</span> <span class='ocrx_word' id='word_1_7' title='bbox 318 274 362 292; x_wconf 78' lang='lat' dir='ltr'>pars</span> <span class='ocrx_word' id='word_1_8' title='bbox 381 267 487 286; x_wconf 79' lang='lat' dir='ltr'>modestius</span> <span class='ocrx_word' id='word_1_9' title='bbox 507 267 577 286; x_wconf 84' lang='lat' dir='ltr'>interea</span> <span class='ocrx_word' id='word_1_10' title='bbox 598 268 689 292; x_wconf 84' lang='lat' dir='ltr'>temporis</span> <span class='ocrx_word' id='word_1_11' title='bbox 707 267 786 291; x_wconf 75' lang='lat' dir='ltr'>gesserit</span> <span class='ocrx_word' id='word_1_12' title='bbox 805 267 824 285; x_wconf 87' lang='lat' dir='ltr'>in</span> <span class='ocrx_word' id='word_1_13' title='bbox 844 267 933 290; x_wconf 82' lang='lat' dir='ltr'>alteram,</span> <span class='ocrx_word' id='word_1_14' title='bbox 956 267 993 285; x_wconf 85' lang='lat' dir='ltr'>hoc</span> <span class='ocrx_word' id='word_1_15' title='bbox 1012 267 1107 291; x_wconf 80' lang='lat' dir='ltr'>majorem</span> 
     </span>
     <span class='ocr_line' id='line_1_3' title="bbox 178 298 1107 323; baseline -0.001 -6"><span class='ocrx_word' id='word_1_16' title='bbox 178 299 207 317; x_wconf 81' lang='lat' dir='ltr'>ibi</span> <span class='ocrx_word' id='word_1_17' title='bbox 227 305 261 317; x_wconf 87' lang='lat' dir='ltr'>sua</span> <span class='ocrx_word' id='word_1_18' title='bbox 281 299 375 317; x_wconf 86' lang='lat' dir='ltr'>modestia</span> <span class='ocrx_word' id='word_1_19' title='bbox 398 299 478 323; x_wconf 73' lang='lat' dir='ltr'>gratiam</span> <span class='ocrx_word' id='word_1_20' title='bbox 501 299 552 323; x_wconf 77' lang='lat' dir='ltr'>apud</span> <span class='ocrx_word' id='word_1_21' title='bbox 573 305 604 318; x_wconf 85' lang='lat' dir='ltr'>me</span> <span class='ocrx_word' id='word_1_22' title='bbox 624 299 739 318; x_wconf 83' lang='lat' dir='ltr'>conciliabit.</span> <span class='ocrx_word' id='word_1_23' title='bbox 762 299 827 317; x_wconf 75' lang='lat' dir='ltr'>Valere</span> <span class='ocrx_word' id='word_1_24' title='bbox 846 298 866 317; x_wconf 85' lang='lat' dir='ltr'>in</span> <span class='ocrx_word' id='word_1_25' title='bbox 887 298 978 316; x_wconf 84' lang='lat' dir='ltr'>Domino.</span> <span class='ocrx_word' id='word_1_26' title='bbox 1002 298 1107 323; x_wconf 72' lang='lat' dir='ltr'>Bozecino,</span> 
     </span>
     <span class='ocr_line' id='line_1_4' title="bbox 178 330 333 349; baseline -0.006 0"><span class='ocrx_word' id='word_1_27' title='bbox 178 330 187 348; x_wconf 79' lang='grc' dir='ltr'>Ι</span> <span class='ocrx_word' id='word_1_28' title='bbox 202 330 248 349; x_wconf 84' lang='lat' dir='ltr'>Julii</span> <span class='ocrx_word' id='word_1_29' title='bbox 263 330 333 348; x_wconf 83' lang='lat' dir='ltr'>MDLI.</span> 
     </span>
    </p>
   </div>
   <div class='ocr_carea' id='block_1_3' title="bbox 196 403 997 427">
    <p class='ocr_par' dir='ltr' id='par_1_3' title="bbox 196 403 997 427">
     <span class='ocr_line' id='line_1_5' title="bbox 196 403 997 427; baseline 0.001 -5"><span class='ocrx_word' id='word_1_30' title='bbox 196 403 242 422; x_wconf 76' lang='lat'>607.</span> <span class='ocrx_word' id='word_1_31' title='bbox 286 404 359 423; x_wconf 79' lang='lat' dir='ltr'>Petro</span> <span class='ocrx_word' id='word_1_32' title='bbox 373 404 503 427; x_wconf 74' lang='lat' dir='ltr'>Porebski,</span> <span class='ocrx_word' id='word_1_33' title='bbox 518 404 648 423; x_wconf 78' lang='lat' dir='ltr'>canonico</span> <span class='ocrx_word' id='word_1_34' title='bbox 663 405 687 422; x_wconf 78' lang='lat' dir='ltr'>et</span> <span class='ocrx_word' id='word_1_35' title='bbox 700 404 812 423; x_wconf 74' lang='lat' dir='ltr'>Officiali</span> <span class='ocrx_word' id='word_1_36' title='bbox 827 404 997 424; x_wconf 76' lang='lat' dir='ltr'>cracoviensi.</span> 
     </span>
    </p>
   </div>
   <div class='ocr_carea' id='block_1_4' title="bbox 178 451 1106 574">
    <p class='ocr_par' dir='ltr' id='par_1_4' title="bbox 845 451 1106 476">
     <span class='ocr_line' id='line_1_6' title="bbox 845 451 1106 476; baseline 0 -7"><span class='ocrx_word' id='word_1_37' title='bbox 845 451 946 476; x_wconf 60' lang='lat' dir='ltr'>Budzgtr&#39;ni</span> <span class='ocrx_word' id='word_1_38' title='bbox 960 452 973 469; x_wconf 74' lang='lat'><em>2</em></span> <span class='ocrx_word' id='word_1_39' title='bbox 986 451 1035 470; x_wconf 83' lang='lat' dir='ltr'>Julii</span> <span class='ocrx_word' id='word_1_40' title='bbox 1051 451 1106 469; x_wconf 76' lang='lat'><em>7551.</em></span> 
     </span>
    </p>

    <p class='ocr_par' dir='ltr' id='par_1_5' title="bbox 235 487 1106 512">
     <span class='ocr_line' id='line_1_7' title="bbox 235 487 1106 512; baseline 0.001 -7"><span class='ocrx_word' id='word_1_41' title='bbox 235 487 295 510; x_wconf 88' lang='lat' dir='ltr'>Quod</span> <span class='ocrx_word' id='word_1_42' title='bbox 308 487 364 512; x_wconf 76' lang='lat' dir='ltr'>petiit</span> <span class='ocrx_word' id='word_1_43' title='bbox 377 488 400 506; x_wconf 73' lang='lat' dir='ltr'>V.</span> <span class='ocrx_word' id='word_1_44' title='bbox 415 487 468 510; x_wconf 74' lang='lat' dir='ltr'>Ftas.</span> <span class='ocrx_word' id='word_1_45' title='bbox 489 487 567 506; x_wconf 82' lang='lat' dir='ltr'>habebit</span> <span class='ocrx_word' id='word_1_46' title='bbox 584 494 618 512; x_wconf 80' lang='lat' dir='ltr'>per</span> <span class='ocrx_word' id='word_1_47' title='bbox 632 487 744 510; x_wconf 83' lang='lat' dir='ltr'>Patricium,</span> <span class='ocrx_word' id='word_1_48' title='bbox 765 487 797 512; x_wconf 91' lang='lat' dir='ltr'>qui</span> <span class='ocrx_word' id='word_1_49' title='bbox 813 494 835 506; x_wconf 85' lang='lat' dir='ltr'>eo</span> <span class='ocrx_word' id='word_1_50' title='bbox 850 488 901 506; x_wconf 82' lang='lat' dir='ltr'>vadit</span> <span class='ocrx_word' id='word_1_51' title='bbox 919 494 979 512; x_wconf 82' lang='lat' dir='ltr'>prope</span> <span class='ocrx_word' id='word_1_52' title='bbox 997 488 1057 510; x_wconf 87' lang='lat' dir='ltr'>diem,</span> <span class='ocrx_word' id='word_1_53' title='bbox 1077 487 1106 505; x_wconf 81' lang='lat' dir='ltr'>vel</span> 
     </span>
    </p>

    <p class='ocr_par' dir='ltr' id='par_1_6' title="bbox 178 518 1106 574">
     <span class='ocr_line' id='line_1_8' title="bbox 178 518 1106 543; baseline 0.001 -7"><span class='ocrx_word' id='word_1_54' title='bbox 178 525 204 537; x_wconf 66' lang='lat' dir='ltr'>rer</span> <span class='ocrx_word' id='word_1_55' title='bbox 218 518 279 537; x_wconf 80' lang='lat' dir='ltr'>alium</span> <span class='ocrx_word' id='word_1_56' title='bbox 293 518 415 543; x_wconf 78' lang='lat' dir='ltr'>quempiam,</span> <span class='ocrx_word' id='word_1_57' title='bbox 436 518 468 543; x_wconf 87' lang='lat' dir='ltr'>qui</span> <span class='ocrx_word' id='word_1_58' title='bbox 484 519 531 537; x_wconf 83' lang='lat' dir='ltr'>forte</span> <span class='ocrx_word' id='word_1_59' title='bbox 546 519 599 543; x_wconf 79' lang='lat' dir='ltr'>prius</span> <span class='ocrx_word' id='word_1_60' title='bbox 614 519 666 541; x_wconf 58' lang='lat' dir='ltr'>ierim</span> <span class='ocrx_word' id='word_1_61' title='bbox 685 524 730 537; x_wconf 76' lang='lat' dir='ltr'>amo</span> <span class='ocrx_word' id='word_1_62' title='bbox 744 519 795 537; x_wconf 85' lang='lat' dir='ltr'>enim</span> <span class='ocrx_word' id='word_1_63' title='bbox 811 519 833 537; x_wconf 91' lang='lat' dir='ltr'>V.</span> <span class='ocrx_word' id='word_1_64' title='bbox 853 519 926 537; x_wconf 79' lang='lat' dir='ltr'>Ftatem</span> <span class='ocrx_word' id='word_1_65' title='bbox 947 519 1037 543; x_wconf 78' lang='lat' dir='ltr'>illumque</span> <span class='ocrx_word' id='word_1_66' title='bbox 1058 519 1106 537; x_wconf 88' lang='lat' dir='ltr'>bene</span> 
     </span>
     <span class='ocr_line' id='line_1_9' title="bbox 180 549 542 574; baseline 0 -6"><span class='ocrx_word' id='word_1_67' title='bbox 180 550 233 568; x_wconf 81' lang='lat' dir='ltr'>alere</span> <span class='ocrx_word' id='word_1_68' title='bbox 248 549 312 574; x_wconf 82' lang='lat' dir='ltr'>cupio.</span> <span class='ocrx_word' id='word_1_69' title='bbox 327 549 343 567; x_wconf 89' lang='grc' dir='ltr'>ΙΙ</span> <span class='ocrx_word' id='word_1_70' title='bbox 358 550 409 573; x_wconf 86' lang='lat' dir='ltr'>Julii,</span> <span class='ocrx_word' id='word_1_71' title='bbox 424 549 542 574; x_wconf 66' lang='lat' dir='ltr'>Bozencino.</span> 
     </span>
    </p>
   </div>
   <div class='ocr_carea' id='block_1_5' title="bbox 195 621 906 644">
    <p class='ocr_par' dir='ltr' id='par_1_7' title="bbox 195 621 906 644">
     <span class='ocr_line' id='line_1_10' title="bbox 195 621 906 644; baseline 0.003 -4"><span class='ocrx_word' id='word_1_72' title='bbox 195 621 243 641; x_wconf 85' lang='grc'>663.</span> <span class='ocrx_word' id='word_1_73' title='bbox 377 622 484 642; x_wconf 78' lang='lat' dir='ltr'>Nicolao</span> <span class='ocrx_word' id='word_1_74' title='bbox 498 623 599 644; x_wconf 78' lang='lat' dir='ltr'>Volski.</span> <span class='ocrx_word' id='word_1_75' title='bbox 614 623 720 642; x_wconf 83' lang='lat' dir='ltr'>Custodi</span> <span class='ocrx_word' id='word_1_76' title='bbox 735 623 906 642; x_wconf 79' lang='lat' dir='ltr'>Cracoviensi.</span> 
     </span>
    </p>
   </div>
   <div class='ocr_carea' id='block_1_6' title="bbox 178 670 1106 1259">
    <p class='ocr_par' dir='ltr' id='par_1_8' title="bbox 178 670 1106 1259">
     <span class='ocr_line' id='line_1_11' title="bbox 838 670 1105 695; baseline 0 -7"><span class='ocrx_word' id='word_1_77' title='bbox 838 670 946 695; x_wconf 61' lang='lat' dir='ltr'>Bodzglini,</span> <span class='ocrx_word' id='word_1_78' title='bbox 961 671 973 688; x_wconf 75' lang='lat'><em>5</em></span> <span class='ocrx_word' id='word_1_79' title='bbox 988 670 1037 689; x_wconf 69' lang='lat' dir='ltr'>,lum</span> <span class='ocrx_word' id='word_1_80' title='bbox 1052 671 1105 689; x_wconf 74' lang='lat'><em>1551.</em></span> 
     </span>
     <span class='ocr_line' id='line_1_12' title="bbox 235 706 1106 731; baseline 0.001 -7"><span class='ocrx_word' id='word_1_81' title='bbox 235 706 275 724; x_wconf 85' lang='lat' dir='ltr'>Scit</span> <span class='ocrx_word' id='word_1_82' title='bbox 287 706 309 724; x_wconf 91' lang='lat' dir='ltr'>V.</span> <span class='ocrx_word' id='word_1_83' title='bbox 322 706 372 729; x_wconf 86' lang='lat' dir='ltr'>Ftas,</span> <span class='ocrx_word' id='word_1_84' title='bbox 387 706 461 725; x_wconf 76' lang='lat' dir='ltr'>dedisse</span> <span class='ocrx_word' id='word_1_85' title='bbox 476 712 506 725; x_wconf 88' lang='lat' dir='ltr'>me</span> <span class='ocrx_word' id='word_1_86' title='bbox 518 706 647 725; x_wconf 73' lang='lat' dir='ltr'>Thesaurario</span> <span class='ocrx_word' id='word_1_87' title='bbox 662 713 705 725; x_wconf 75' lang='lat' dir='ltr'>meo</span> <span class='ocrx_word' id='word_1_88' title='bbox 718 707 722 718; x_wconf 79' lang='lat'>¹</span> <span class='ocrx_word' id='word_1_89' title='bbox 737 706 848 725; x_wconf 81' lang='lat' dir='ltr'>clecensem</span> <span class='ocrx_word' id='word_1_90' title='bbox 859 706 866 719; x_wconf 84' lang='lat'><strong>²</strong></span> <span class='ocrx_word' id='word_1_91' title='bbox 880 706 1042 731; x_wconf 82' lang='lat' dir='ltr'>Praepositurarn.</span> <span class='ocrx_word' id='word_1_92' title='bbox 1057 712 1106 731; x_wconf 80' lang='lat' dir='ltr'>quae</span> 
     </span>
     <span class='ocr_line' id='line_1_13' title="bbox 178 737 1106 762; baseline 0.001 -7"><span class='ocrx_word' id='word_1_93' title='bbox 178 737 205 756; x_wconf 66' lang='lat' dir='ltr'>ait</span> <span class='ocrx_word' id='word_1_94' title='bbox 221 737 271 756; x_wconf 87' lang='lat' dir='ltr'>olim</span> <span class='ocrx_word' id='word_1_95' title='bbox 286 737 348 756; x_wconf 78' lang='lat' dir='ltr'>fratris</span> <span class='ocrx_word' id='word_1_96' title='bbox 360 737 383 756; x_wconf 89' lang='lat' dir='ltr'>V.</span> <span class='ocrx_word' id='word_1_97' title='bbox 395 737 460 760; x_wconf 75' lang='lat' dir='ltr'>Ftatis,</span> <span class='ocrx_word' id='word_1_98' title='bbox 475 737 508 762; x_wconf 91' lang='lat' dir='ltr'>qui</span> <span class='ocrx_word' id='word_1_99' title='bbox 520 737 571 756; x_wconf 77' lang='lat' dir='ltr'>aliud</span> <span class='ocrx_word' id='word_1_100' title='bbox 586 738 624 762; x_wconf 70' lang='lat' dir='ltr'>jam</span> <span class='ocrx_word' id='word_1_101' title='bbox 636 738 684 756; x_wconf 77' lang='lat' dir='ltr'>vitae</span> <span class='ocrx_word' id='word_1_102' title='bbox 699 744 758 762; x_wconf 81' lang='lat' dir='ltr'>genus</span> <span class='ocrx_word' id='word_1_103' title='bbox 773 738 872 762; x_wconf 77' lang='lat' dir='ltr'>amplexus</span> <span class='ocrx_word' id='word_1_104' title='bbox 886 742 922 760; x_wconf 65' lang='grc' dir='ltr'>θεῖ’,</span> <span class='ocrx_word' id='word_1_105' title='bbox 936 738 971 756; x_wconf 86' lang='lat' dir='ltr'>scit</span> <span class='ocrx_word' id='word_1_106' title='bbox 982 738 1045 761; x_wconf 79' lang='lat' dir='ltr'>etium,</span> <span class='ocrx_word' id='word_1_107' title='bbox 1057 738 1106 756; x_wconf 88' lang='lat' dir='ltr'>hanc</span> 
     </span>
     <span class='ocr_line' id='line_1_14' title="bbox 178 768 1105 793; baseline 0.001 -7"><span class='ocrx_word' id='word_1_108' title='bbox 178 775 209 787; x_wconf 80' lang='lat' dir='ltr'>sse</span> <span class='ocrx_word' id='word_1_109' title='bbox 225 768 273 793; x_wconf 76' lang='lat' dir='ltr'>juris</span> <span class='ocrx_word' id='word_1_110' title='bbox 288 772 401 792; x_wconf 81' lang='lat' dir='ltr'>patronatus</span> <span class='ocrx_word' id='word_1_111' title='bbox 421 768 519 787; x_wconf 73' lang='lat' dir='ltr'>laicorum.</span> <span class='ocrx_word' id='word_1_112' title='bbox 541 768 617 790; x_wconf 83' lang='lat' dir='ltr'>Quibus</span> <span class='ocrx_word' id='word_1_113' title='bbox 631 775 652 787; x_wconf 74' lang='lat' dir='ltr'>ex</span> <span class='ocrx_word' id='word_1_114' title='bbox 667 769 723 787; x_wconf 87' lang='lat' dir='ltr'>rebus</span> <span class='ocrx_word' id='word_1_115' title='bbox 743 769 847 793; x_wconf 81' lang='lat' dir='ltr'>intelligere</span> <span class='ocrx_word' id='word_1_116' title='bbox 867 773 938 793; x_wconf 83' lang='lat' dir='ltr'>potest,</span> <span class='ocrx_word' id='word_1_117' title='bbox 958 775 1000 787; x_wconf 88' lang='lat' dir='ltr'>eam</span> <span class='ocrx_word' id='word_1_118' title='bbox 1015 769 1052 787; x_wconf 84' lang='lat' dir='ltr'>alio</span> <span class='ocrx_word' id='word_1_119' title='bbox 1067 775 1105 787; x_wconf 86' lang='lat' dir='ltr'>non</span> 
     </span>
     <span class='ocr_line' id='line_1_15' title="bbox 181 800 1106 825; baseline 0 -7"><span class='ocrx_word' id='word_1_120' title='bbox 181 806 251 822; x_wconf 82' lang='lat' dir='ltr'>uram,</span> <span class='ocrx_word' id='word_1_121' title='bbox 267 805 324 824; x_wconf 80' lang='lat' dir='ltr'>quam</span> <span class='ocrx_word' id='word_1_122' title='bbox 339 805 378 824; x_wconf 87' lang='lat' dir='ltr'>quo</span> <span class='ocrx_word' id='word_1_123' title='bbox 394 806 429 824; x_wconf 86' lang='lat' dir='ltr'>ego</span> <span class='ocrx_word' id='word_1_124' title='bbox 445 800 543 822; x_wconf 78' lang='lat' dir='ltr'>mandavi,</span> <span class='ocrx_word' id='word_1_125' title='bbox 558 800 653 824; x_wconf 76' lang='lat' dir='ltr'>ejusmodi</span> <span class='ocrx_word' id='word_1_126' title='bbox 668 800 719 818; x_wconf 85' lang='lat' dir='ltr'>enim</span> <span class='ocrx_word' id='word_1_127' title='bbox 734 800 846 819; x_wconf 80' lang='lat' dir='ltr'>collationes</span> <span class='ocrx_word' id='word_1_128' title='bbox 863 804 901 818; x_wconf 82' lang='lat' dir='ltr'>tam</span> <span class='ocrx_word' id='word_1_129' title='bbox 921 804 965 818; x_wconf 89' lang='lat' dir='ltr'>sunt</span> <span class='ocrx_word' id='word_1_130' title='bbox 980 800 1041 825; x_wconf 83' lang='lat' dir='ltr'>Regni</span> <span class='ocrx_word' id='word_1_131' title='bbox 1060 800 1106 824; x_wconf 87' lang='lat' dir='ltr'>legi-</span> 
     </span>
     <span class='ocr_line' id='line_1_16' title="bbox 179 830 1106 856; baseline 0.002 -8"><span class='ocrx_word' id='word_1_132' title='bbox 179 837 204 849; x_wconf 92' lang='lat' dir='ltr'>us</span> <span class='ocrx_word' id='word_1_133' title='bbox 221 830 309 849; x_wconf 79' lang='lat' dir='ltr'>firmatae</span> <span class='ocrx_word' id='word_1_134' title='bbox 323 835 341 849; x_wconf 86' lang='lat' dir='ltr'>et</span> <span class='ocrx_word' id='word_1_135' title='bbox 355 831 457 853; x_wconf 71' lang='lat' dir='ltr'>stabilitae,</span> <span class='ocrx_word' id='word_1_136' title='bbox 477 835 498 849; x_wconf 89' lang='lat' dir='ltr'>ut</span> <span class='ocrx_word' id='word_1_137' title='bbox 511 831 525 849; x_wconf 90' lang='lat' dir='ltr'>si</span> <span class='ocrx_word' id='word_1_138' title='bbox 541 831 584 855; x_wconf 83' lang='lat' dir='ltr'>quis</span> <span class='ocrx_word' id='word_1_139' title='bbox 598 832 621 850; x_wconf 79' lang='lat' dir='ltr'>ad</span> <span class='ocrx_word' id='word_1_140' title='bbox 636 837 667 850; x_wconf 80' lang='lat' dir='ltr'>eas</span> <span class='ocrx_word' id='word_1_141' title='bbox 684 831 814 856; x_wconf 77' lang='lat' dir='ltr'>infringendas</span> <span class='ocrx_word' id='word_1_142' title='bbox 834 835 910 850; x_wconf 76' lang='lat' dir='ltr'>externa</span> <span class='ocrx_word' id='word_1_143' title='bbox 930 831 993 856; x_wconf 82' lang='lat' dir='ltr'>aliqua</span> <span class='ocrx_word' id='word_1_144' title='bbox 1012 831 1106 856; x_wconf 83' lang='lat' dir='ltr'>praesidia</span> 
     </span>
     <span class='ocr_line' id='line_1_17' title="bbox 178 862 1106 887; baseline 0.001 -7"><span class='ocrx_word' id='word_1_145' title='bbox 178 866 276 886; x_wconf 69' lang='lat' dir='ltr'>amparet,</span> <span class='ocrx_word' id='word_1_146' title='bbox 291 862 305 880; x_wconf 92' lang='lat' dir='ltr'>is</span> <span class='ocrx_word' id='word_1_147' title='bbox 317 862 336 880; x_wconf 90' lang='lat' dir='ltr'>in</span> <span class='ocrx_word' id='word_1_148' title='bbox 349 862 411 886; x_wconf 81' lang='lat' dir='ltr'>Regni</span> <span class='ocrx_word' id='word_1_149' title='bbox 426 862 493 880; x_wconf 82' lang='lat' dir='ltr'>incolis</span> <span class='ocrx_word' id='word_1_150' title='bbox 508 868 548 880; x_wconf 89' lang='lat' dir='ltr'>non</span> <span class='ocrx_word' id='word_1_151' title='bbox 560 863 583 881; x_wconf 84' lang='lat' dir='ltr'>sit</span> <span class='ocrx_word' id='word_1_152' title='bbox 595 863 700 881; x_wconf 77' lang='lat' dir='ltr'>habendus.</span> <span class='ocrx_word' id='word_1_153' title='bbox 715 863 775 885; x_wconf 76' lang='lat' dir='ltr'>Quod</span> <span class='ocrx_word' id='word_1_154' title='bbox 787 868 847 887; x_wconf 84' lang='lat' dir='ltr'>quum</span> <span class='ocrx_word' id='word_1_155' title='bbox 860 863 884 881; x_wconf 89' lang='lat' dir='ltr'>ita</span> <span class='ocrx_word' id='word_1_156' title='bbox 896 863 926 885; x_wconf 84' lang='lat' dir='ltr'>sit,</span> <span class='ocrx_word' id='word_1_157' title='bbox 941 867 1027 887; x_wconf 79' lang='lat' dir='ltr'>reputata</span> <span class='ocrx_word' id='word_1_158' title='bbox 1040 869 1106 881; x_wconf 87' lang='lat' dir='ltr'>secum</span> 
     </span>
     <span class='ocr_line' id='line_1_18' title="bbox 178 893 1105 918; baseline 0.001 -7"><span class='ocrx_word' id='word_1_159' title='bbox 178 894 188 911; x_wconf 71' lang='lat'>&#39;.</span> <span class='ocrx_word' id='word_1_160' title='bbox 206 893 254 911; x_wconf 81' lang='lat' dir='ltr'>Ftas</span> <span class='ocrx_word' id='word_1_161' title='bbox 269 899 311 911; x_wconf 81' lang='lat' dir='ltr'>mea</span> <span class='ocrx_word' id='word_1_162' title='bbox 325 893 385 917; x_wconf 75' lang='lat' dir='ltr'>gratia</span> <span class='ocrx_word' id='word_1_163' title='bbox 400 899 443 918; x_wconf 69' lang='lat' dir='ltr'>erga</span> <span class='ocrx_word' id='word_1_164' title='bbox 458 900 477 912; x_wconf 88' lang='lat' dir='ltr'>se</span> <span class='ocrx_word' id='word_1_165' title='bbox 492 897 510 912; x_wconf 84' lang='lat' dir='ltr'>et</span> <span class='ocrx_word' id='word_1_166' title='bbox 524 894 667 916; x_wconf 78' lang='lat' dir='ltr'>benevolentia,</span> <span class='ocrx_word' id='word_1_167' title='bbox 687 900 744 918; x_wconf 82' lang='lat' dir='ltr'>quam</span> <span class='ocrx_word' id='word_1_168' title='bbox 760 898 778 912; x_wconf 82' lang='lat' dir='ltr'>et</span> <span class='ocrx_word' id='word_1_169' title='bbox 792 894 810 912; x_wconf 92' lang='lat' dir='ltr'>in</span> <span class='ocrx_word' id='word_1_170' title='bbox 826 893 917 912; x_wconf 74' lang='lat' dir='ltr'>Custodia</span> <span class='ocrx_word' id='word_1_171' title='bbox 938 893 1060 912; x_wconf 77' lang='lat' dir='ltr'>cracoviensi</span> <span class='ocrx_word' id='word_1_172' title='bbox 1075 900 1105 912; x_wconf 83' lang='lat' dir='ltr'>ex-</span> 
     </span>
     <span class='ocr_line' id='line_1_19' title="bbox 178 924 1106 950; baseline 0.001 -8"><span class='ocrx_word' id='word_1_173' title='bbox 178 928 223 943; x_wconf 81' lang='lat' dir='ltr'>erta</span> <span class='ocrx_word' id='word_1_174' title='bbox 240 928 278 947; x_wconf 85' lang='lat' dir='ltr'>est,</span> <span class='ocrx_word' id='word_1_175' title='bbox 297 927 315 942; x_wconf 83' lang='lat' dir='ltr'>et</span> <span class='ocrx_word' id='word_1_176' title='bbox 329 924 348 942; x_wconf 91' lang='lat' dir='ltr'>in</span> <span class='ocrx_word' id='word_1_177' title='bbox 363 924 428 943; x_wconf 89' lang='lat' dir='ltr'>multis</span> <span class='ocrx_word' id='word_1_178' title='bbox 445 924 507 943; x_wconf 79' lang='lat' dir='ltr'>adhuc</span> <span class='ocrx_word' id='word_1_179' title='bbox 522 925 578 943; x_wconf 89' lang='lat' dir='ltr'>rebus</span> <span class='ocrx_word' id='word_1_180' title='bbox 599 925 668 949; x_wconf 71' lang='lat' dir='ltr'>poterit</span> <span class='ocrx_word' id='word_1_181' title='bbox 686 931 812 950; x_wconf 81' lang='lat' dir='ltr'>cognoscere,</span> <span class='ocrx_word' id='word_1_182' title='bbox 831 925 846 944; x_wconf 81' lang='lat' dir='ltr'>si</span> <span class='ocrx_word' id='word_1_183' title='bbox 860 931 880 943; x_wconf 90' lang='lat' dir='ltr'>se</span> <span class='ocrx_word' id='word_1_184' title='bbox 894 925 935 949; x_wconf 87' lang='lat' dir='ltr'>ejus</span> <span class='ocrx_word' id='word_1_185' title='bbox 949 931 989 943; x_wconf 89' lang='lat' dir='ltr'>non</span> <span class='ocrx_word' id='word_1_186' title='bbox 1009 925 1106 949; x_wconf 81' lang='lat' dir='ltr'>ingratum</span> 
     </span>
     <span class='ocr_line' id='line_1_20' title="bbox 179 955 1105 980; baseline 0 -6"><span class='ocrx_word' id='word_1_187' title='bbox 179 955 291 974; x_wconf 75' lang='lat' dir='ltr'>raebueritz</span> <span class='ocrx_word' id='word_1_188' title='bbox 306 955 338 974; x_wconf 84' lang='lat' dir='ltr'>det</span> <span class='ocrx_word' id='word_1_189' title='bbox 352 956 388 974; x_wconf 85' lang='lat' dir='ltr'>hoc</span> <span class='ocrx_word' id='word_1_190' title='bbox 403 956 461 974; x_wconf 89' lang='lat' dir='ltr'>literis</span> <span class='ocrx_word' id='word_1_191' title='bbox 475 956 514 974; x_wconf 85' lang='lat' dir='ltr'>istis</span> <span class='ocrx_word' id='word_1_192' title='bbox 530 960 548 974; x_wconf 85' lang='lat' dir='ltr'>et</span> <span class='ocrx_word' id='word_1_193' title='bbox 561 956 649 980; x_wconf 73' lang='lat' dir='ltr'>petitioni</span> <span class='ocrx_word' id='word_1_194' title='bbox 664 962 724 978; x_wconf 73' lang='lat' dir='ltr'>meae,</span> <span class='ocrx_word' id='word_1_195' title='bbox 741 961 761 974; x_wconf 85' lang='lat' dir='ltr'>ut</span> <span class='ocrx_word' id='word_1_196' title='bbox 775 962 818 974; x_wconf 88' lang='lat' dir='ltr'>suas</span> <span class='ocrx_word' id='word_1_197' title='bbox 833 960 902 980; x_wconf 81' lang='lat' dir='ltr'>partes,</span> <span class='ocrx_word' id='word_1_198' title='bbox 916 956 931 974; x_wconf 92' lang='lat' dir='ltr'>si</span> <span class='ocrx_word' id='word_1_199' title='bbox 946 962 992 980; x_wconf 75' lang='lat' dir='ltr'>quas</span> <span class='ocrx_word' id='word_1_200' title='bbox 1007 956 1055 974; x_wconf 84' lang='lat' dir='ltr'>sorte</span> <span class='ocrx_word' id='word_1_201' title='bbox 1073 956 1105 974; x_wconf 82' lang='lat' dir='ltr'>ha-</span> 
     </span>
     <span class='ocr_line' id='line_1_21' title="bbox 178 987 1105 1012; baseline 0 -7"><span class='ocrx_word' id='word_1_202' title='bbox 178 993 214 1005; x_wconf 89' lang='lat' dir='ltr'>ere</span> <span class='ocrx_word' id='word_1_203' title='bbox 230 992 251 1004; x_wconf 80' lang='lat' dir='ltr'>se</span> <span class='ocrx_word' id='word_1_204' title='bbox 267 991 321 1010; x_wconf 82' lang='lat' dir='ltr'>putat</span> <span class='ocrx_word' id='word_1_205' title='bbox 335 993 392 1011; x_wconf 83' lang='lat' dir='ltr'>super</span> <span class='ocrx_word' id='word_1_206' title='bbox 406 987 441 1005; x_wconf 76' lang='lat' dir='ltr'>lmc</span> <span class='ocrx_word' id='word_1_207' title='bbox 456 987 597 1012; x_wconf 72' lang='lat' dir='ltr'>Praepositum,</span> <span class='ocrx_word' id='word_1_208' title='bbox 612 987 659 1006; x_wconf 87' lang='lat' dir='ltr'>mihi</span> <span class='ocrx_word' id='word_1_209' title='bbox 673 988 775 1010; x_wconf 80' lang='lat' dir='ltr'>concedat,</span> <span class='ocrx_word' id='word_1_210' title='bbox 790 994 812 1006; x_wconf 81' lang='lat' dir='ltr'>ex</span> <span class='ocrx_word' id='word_1_211' title='bbox 827 993 888 1012; x_wconf 83' lang='lat' dir='ltr'>eoque</span> <span class='ocrx_word' id='word_1_212' title='bbox 903 987 940 1011; x_wconf 81' lang='lat' dir='ltr'>jarn</span> <span class='ocrx_word' id='word_1_213' title='bbox 955 991 1041 1011; x_wconf 75' lang='lat' dir='ltr'>ternpore</span> <span class='ocrx_word' id='word_1_214' title='bbox 1053 987 1105 1005; x_wconf 82' lang='lat' dir='ltr'>Tbe-</span> 
     </span>
     <span class='ocr_line' id='line_1_22' title="bbox 178 1018 1106 1043; baseline 0 -7"><span class='ocrx_word' id='word_1_215' title='bbox 178 1018 257 1037; x_wconf 74' lang='lat' dir='ltr'>turario</span> <span class='ocrx_word' id='word_1_216' title='bbox 272 1024 315 1036; x_wconf 83' lang='lat' dir='ltr'>rneo</span> <span class='ocrx_word' id='word_1_217' title='bbox 331 1018 476 1042; x_wconf 79' lang='lat' dir='ltr'>Praepositurae</span> <span class='ocrx_word' id='word_1_218' title='bbox 496 1024 567 1037; x_wconf 86' lang='lat' dir='ltr'>nomen</span> <span class='ocrx_word' id='word_1_219' title='bbox 582 1022 600 1037; x_wconf 88' lang='lat' dir='ltr'>et</span> <span class='ocrx_word' id='word_1_220' title='bbox 614 1019 755 1043; x_wconf 69' lang='lat' dir='ltr'>possessionen]</span> <span class='ocrx_word' id='word_1_221' title='bbox 776 1018 842 1037; x_wconf 80' lang='lat' dir='ltr'>mittat.</span> <span class='ocrx_word' id='word_1_222' title='bbox 866 1018 885 1037; x_wconf 89' lang='lat' dir='ltr'>Si</span> <span class='ocrx_word' id='word_1_223' title='bbox 901 1018 974 1041; x_wconf 81' lang='lat' dir='ltr'>fecerit,</span> <span class='ocrx_word' id='word_1_224' title='bbox 995 1024 1034 1036; x_wconf 87' lang='lat' dir='ltr'>non</span> <span class='ocrx_word' id='word_1_225' title='bbox 1052 1018 1106 1037; x_wconf 80' lang='lat' dir='ltr'>aliter</span> 
     </span>
     <span class='ocr_line' id='line_1_23' title="bbox 178 1049 1106 1074; baseline 0 -6"><span class='ocrx_word' id='word_1_226' title='bbox 178 1049 272 1074; x_wconf 79' lang='lat' dir='ltr'>ccipiam,</span> <span class='ocrx_word' id='word_1_227' title='bbox 287 1055 344 1073; x_wconf 78' lang='lat' dir='ltr'>quam</span> <span class='ocrx_word' id='word_1_228' title='bbox 356 1049 371 1067; x_wconf 83' lang='lat' dir='ltr'>si</span> <span class='ocrx_word' id='word_1_229' title='bbox 387 1049 434 1068; x_wconf 88' lang='lat' dir='ltr'>mihi</span> <span class='ocrx_word' id='word_1_230' title='bbox 449 1050 471 1068; x_wconf 83' lang='lat' dir='ltr'>de</span> <span class='ocrx_word' id='word_1_231' title='bbox 486 1056 521 1068; x_wconf 86' lang='lat' dir='ltr'>suo</span> <span class='ocrx_word' id='word_1_232' title='bbox 536 1050 665 1072; x_wconf 79' lang='lat' dir='ltr'>concessisset,</span> <span class='ocrx_word' id='word_1_233' title='bbox 680 1050 804 1074; x_wconf 75' lang='lat' dir='ltr'>pensaboque</span> <span class='ocrx_word' id='word_1_234' title='bbox 819 1050 838 1068; x_wconf 79' lang='lat' dir='ltr'>id</span> <span class='ocrx_word' id='word_1_235' title='bbox 852 1049 936 1068; x_wconf 74' lang='lat' dir='ltr'>officium</span> <span class='ocrx_word' id='word_1_236' title='bbox 952 1053 989 1067; x_wconf 83' lang='lat' dir='ltr'>tam</span> <span class='ocrx_word' id='word_1_237' title='bbox 1005 1049 1106 1074; x_wconf 81' lang='lat' dir='ltr'>diligenter</span> 
     </span>
     <span class='ocr_line' id='line_1_24' title="bbox 178 1080 1105 1105; baseline 0.001 -7"><span class='ocrx_word' id='word_1_238' title='bbox 178 1081 188 1099; x_wconf 91' lang='lat'>&#39;.</span> <span class='ocrx_word' id='word_1_239' title='bbox 206 1080 268 1103; x_wconf 80' lang='lat' dir='ltr'>Ftati,</span> <span class='ocrx_word' id='word_1_240' title='bbox 288 1081 341 1104; x_wconf 87' lang='lat' dir='ltr'>quod</span> <span class='ocrx_word' id='word_1_241' title='bbox 356 1080 375 1098; x_wconf 90' lang='lat' dir='ltr'>in</span> <span class='ocrx_word' id='word_1_242' title='bbox 390 1087 453 1099; x_wconf 87' lang='lat' dir='ltr'>meum</span> <span class='ocrx_word' id='word_1_243' title='bbox 473 1081 624 1099; x_wconf 81' lang='lat' dir='ltr'>Thesaurarium</span> <span class='ocrx_word' id='word_1_244' title='bbox 641 1081 752 1103; x_wconf 82' lang='lat' dir='ltr'>contulerit,</span> <span class='ocrx_word' id='word_1_245' title='bbox 772 1087 829 1105; x_wconf 78' lang='lat' dir='ltr'>quam</span> <span class='ocrx_word' id='word_1_246' title='bbox 844 1081 860 1099; x_wconf 89' lang='lat' dir='ltr'>si</span> <span class='ocrx_word' id='word_1_247' title='bbox 876 1081 894 1099; x_wconf 87' lang='lat' dir='ltr'>iu</span> <span class='ocrx_word' id='word_1_248' title='bbox 909 1087 939 1099; x_wconf 89' lang='lat' dir='ltr'>me</span> <span class='ocrx_word' id='word_1_249' title='bbox 957 1080 1019 1105; x_wconf 81' lang='lat' dir='ltr'>ipsum</span> <span class='ocrx_word' id='word_1_250' title='bbox 1038 1085 1105 1099; x_wconf 90' lang='lat' dir='ltr'>contu-</span> 
     </span>
     <span class='ocr_line' id='line_1_25' title="bbox 178 1111 1105 1137; baseline 0 -7"><span class='ocrx_word' id='word_1_251' title='bbox 178 1116 227 1131; x_wconf 82' lang='lat' dir='ltr'>sset.</span> <span class='ocrx_word' id='word_1_252' title='bbox 249 1111 284 1130; x_wconf 80' lang='lat' dir='ltr'>Sin</span> <span class='ocrx_word' id='word_1_253' title='bbox 298 1112 371 1134; x_wconf 74' lang='lat' dir='ltr'>minus,</span> <span class='ocrx_word' id='word_1_254' title='bbox 388 1111 528 1130; x_wconf 77' lang='lat' dir='ltr'>Thesaurarius</span> <span class='ocrx_word' id='word_1_255' title='bbox 543 1112 621 1137; x_wconf 82' lang='lat' dir='ltr'>quidem</span> <span class='ocrx_word' id='word_1_256' title='bbox 641 1112 722 1131; x_wconf 85' lang='lat' dir='ltr'>omnino</span> <span class='ocrx_word' id='word_1_257' title='bbox 744 1112 879 1137; x_wconf 81' lang='lat' dir='ltr'>Praepositnra</span> <span class='ocrx_word' id='word_1_258' title='bbox 895 1112 985 1136; x_wconf 71' lang='lat' dir='ltr'>potietur,</span> <span class='ocrx_word' id='word_1_259' title='bbox 1002 1112 1024 1130; x_wconf 92' lang='lat' dir='ltr'>V.</span> <span class='ocrx_word' id='word_1_260' title='bbox 1041 1116 1105 1131; x_wconf 79' lang='lat' dir='ltr'>autem</span> 
     </span>
     <span class='ocr_line' id='line_1_26' title="bbox 178 1143 1105 1168; baseline 0 -7"><span class='ocrx_word' id='word_1_261' title='bbox 178 1143 214 1162; x_wconf 72' lang='lat' dir='ltr'>&#39;tas</span> <span class='ocrx_word' id='word_1_262' title='bbox 226 1143 298 1165; x_wconf 80' lang='lat' dir='ltr'>videat,</span> <span class='ocrx_word' id='word_1_263' title='bbox 314 1149 336 1161; x_wconf 88' lang='lat' dir='ltr'>ne</span> <span class='ocrx_word' id='word_1_264' title='bbox 349 1149 408 1167; x_wconf 81' lang='lat' dir='ltr'>quum</span> <span class='ocrx_word' id='word_1_265' title='bbox 424 1149 454 1161; x_wconf 85' lang='lat' dir='ltr'>me</span> <span class='ocrx_word' id='word_1_266' title='bbox 468 1143 504 1161; x_wconf 83' lang='lat' dir='ltr'>sibi</span> <span class='ocrx_word' id='word_1_267' title='bbox 521 1143 557 1161; x_wconf 81' lang='lat' dir='ltr'>levi</span> <span class='ocrx_word' id='word_1_268' title='bbox 574 1143 638 1162; x_wconf 81' lang='lat' dir='ltr'>officio</span> <span class='ocrx_word' id='word_1_269' title='bbox 653 1143 753 1162; x_wconf 82' lang='lat' dir='ltr'>devincere</span> <span class='ocrx_word' id='word_1_270' title='bbox 768 1143 871 1168; x_wconf 83' lang='lat' dir='ltr'>potuisset,</span> <span class='ocrx_word' id='word_1_271' title='bbox 886 1149 947 1168; x_wconf 84' lang='lat' dir='ltr'>neque</span> <span class='ocrx_word' id='word_1_272' title='bbox 962 1147 1025 1162; x_wconf 80' lang='lat' dir='ltr'>tamen</span> <span class='ocrx_word' id='word_1_273' title='bbox 1040 1143 1105 1162; x_wconf 75' lang='lat' dir='ltr'>devin-</span> 
     </span>
     <span class='ocr_line' id='line_1_27' title="bbox 178 1174 1104 1199; baseline 0 -7"><span class='ocrx_word' id='word_1_274' title='bbox 178 1174 227 1197; x_wconf 85' lang='lat' dir='ltr'>erit,</span> <span class='ocrx_word' id='word_1_275' title='bbox 249 1174 299 1192; x_wconf 82' lang='lat' dir='ltr'>viam</span> <span class='ocrx_word' id='word_1_276' title='bbox 313 1174 349 1192; x_wconf 89' lang='lat' dir='ltr'>sibi</span> <span class='ocrx_word' id='word_1_277' title='bbox 364 1174 488 1198; x_wconf 83' lang='lat' dir='ltr'>praeclusisse</span> <span class='ocrx_word' id='word_1_278' title='bbox 508 1174 594 1193; x_wconf 80' lang='lat' dir='ltr'>videatur</span> <span class='ocrx_word' id='word_1_279' title='bbox 608 1175 632 1192; x_wconf 85' lang='lat' dir='ltr'>ad</span> <span class='ocrx_word' id='word_1_280' title='bbox 649 1175 708 1193; x_wconf 77' lang='lat' dir='ltr'>multa</span> <span class='ocrx_word' id='word_1_281' title='bbox 728 1174 833 1199; x_wconf 79' lang='lat' dir='ltr'>ejusmodi,</span> <span class='ocrx_word' id='word_1_282' title='bbox 853 1181 902 1199; x_wconf 80' lang='lat' dir='ltr'>quae</span> <span class='ocrx_word' id='word_1_283' title='bbox 916 1175 931 1193; x_wconf 86' lang='lat' dir='ltr'>si</span> <span class='ocrx_word' id='word_1_284' title='bbox 952 1174 1104 1193; x_wconf 81' lang='lat' dir='ltr'>benevolentiam</span> 
     </span>
     <span class='ocr_line' id='line_1_28' title="bbox 178 1205 1105 1230; baseline 0 -6"><span class='ocrx_word' id='word_1_285' title='bbox 178 1212 234 1224; x_wconf 72' lang='lat' dir='ltr'>leam</span> <span class='ocrx_word' id='word_1_286' title='bbox 254 1210 354 1230; x_wconf 78' lang='lat' dir='ltr'>aspernata</span> <span class='ocrx_word' id='word_1_287' title='bbox 370 1212 408 1224; x_wconf 89' lang='lat' dir='ltr'>non</span> <span class='ocrx_word' id='word_1_288' title='bbox 423 1205 490 1228; x_wconf 81' lang='lat' dir='ltr'>suerit,</span> <span class='ocrx_word' id='word_1_289' title='bbox 510 1206 563 1224; x_wconf 76' lang='lat' dir='ltr'>facile</span> <span class='ocrx_word' id='word_1_290' title='bbox 578 1206 648 1230; x_wconf 80' lang='lat' dir='ltr'>poterit</span> <span class='ocrx_word' id='word_1_291' title='bbox 662 1206 754 1230; x_wconf 81' lang='lat' dir='ltr'>consequi</span> <span class='ocrx_word' id='word_1_292' title='bbox 769 1210 787 1224; x_wconf 86' lang='lat' dir='ltr'>et</span> <span class='ocrx_word' id='word_1_293' title='bbox 801 1206 893 1224; x_wconf 80' lang='lat' dir='ltr'>obtinere.</span> <span class='ocrx_word' id='word_1_294' title='bbox 913 1206 965 1224; x_wconf 85' lang='lat' dir='ltr'>Bene</span> <span class='ocrx_word' id='word_1_295' title='bbox 979 1206 1043 1224; x_wconf 76' lang='lat' dir='ltr'>valeat.</span> <span class='ocrx_word' id='word_1_296' title='bbox 1068 1206 1105 1224; x_wconf 80' lang='lat' dir='ltr'>Bu-</span> 
     </span>
     <span class='ocr_line' id='line_1_29' title="bbox 178 1236 355 1259; baseline -0.006 -4"><span class='ocrx_word' id='word_1_297' title='bbox 178 1236 259 1259; x_wconf 78' lang='lat' dir='ltr'>encino,</span> <span class='ocrx_word' id='word_1_298' title='bbox 274 1236 291 1255; x_wconf 95' lang='lat' dir='ltr'>V</span> <span class='ocrx_word' id='word_1_299' title='bbox 305 1236 355 1255; x_wconf 89' lang='lat' dir='ltr'>Julii.</span> 
     </span>
    </p>
   </div>
   <div class='ocr_carea' id='block_1_7' title="bbox 192 1309 803 1330">
    <p class='ocr_par' dir='ltr' id='par_1_9' title="bbox 192 1309 803 1330">
     <span class='ocr_line' id='line_1_30' title="bbox 192 1309 803 1330; baseline 0.003 -2"><span class='ocrx_word' id='word_1_300' title='bbox 192 1309 243 1328; x_wconf 70' lang='lat'>609.</span> <span class='ocrx_word' id='word_1_301' title='bbox 475 1311 571 1330; x_wconf 82' lang='lat' dir='ltr'>Abbati</span> <span class='ocrx_word' id='word_1_302' title='bbox 588 1311 782 1330; x_wconf 75' lang='lat' dir='ltr'>Pocrivnioensi</span> <span class='ocrx_word' id='word_1_303' title='bbox 792 1311 803 1329; x_wconf 81' lang='lat'>³.</span> 
     </span>
    </p>
   </div>
   <div class='ocr_carea' id='block_1_8' title="bbox 178 1357 1104 1605">
    <p class='ocr_par' dir='ltr' id='par_1_10' title="bbox 827 1357 1104 1382">
     <span class='ocr_line' id='line_1_31' title="bbox 827 1357 1104 1382; baseline -0.004 -6"><span class='ocrx_word' id='word_1_304' title='bbox 827 1357 909 1380; x_wconf 78' lang='lat' dir='ltr'>Kiclcis,</span> <span class='ocrx_word' id='word_1_305' title='bbox 925 1357 937 1376; x_wconf 84' lang='lat'><em>4</em></span> <span class='ocrx_word' id='word_1_306' title='bbox 951 1357 1034 1382; x_wconf 64' lang='lat' dir='ltr'>Augusti·</span> <span class='ocrx_word' id='word_1_307' title='bbox 1049 1358 1104 1376; x_wconf 77' lang='grc'><em>1551,</em></span> 
     </span>
    </p>

    <p class='ocr_par' dir='ltr' id='par_1_11' title="bbox 178 1392 1104 1605">
     <span class='ocr_line' id='line_1_32' title="bbox 234 1392 1104 1419; baseline 0 -8"><span class='ocrx_word' id='word_1_308' title='bbox 234 1392 343 1417; x_wconf 74' lang='lat' dir='ltr'>Quadrigas</span> <span class='ocrx_word' id='word_1_309' title='bbox 357 1393 380 1412; x_wconf 91' lang='lat' dir='ltr'>V.</span> <span class='ocrx_word' id='word_1_310' title='bbox 395 1393 453 1412; x_wconf 72' lang='lat' dir='ltr'>Fratis</span> <span class='ocrx_word' id='word_1_311' title='bbox 468 1399 508 1412; x_wconf 86' lang='lat' dir='ltr'>non</span> <span class='ocrx_word' id='word_1_312' title='bbox 522 1397 561 1411; x_wconf 83' lang='lat' dir='ltr'>tam</span> <span class='ocrx_word' id='word_1_313' title='bbox 575 1393 656 1412; x_wconf 81' lang='lat' dir='ltr'>libenter</span> <span class='ocrx_word' id='word_1_314' title='bbox 670 1394 714 1416; x_wconf 80' lang='lat' dir='ltr'>vidi,</span> <span class='ocrx_word' id='word_1_315' title='bbox 729 1400 841 1419; x_wconf 82' lang='lat' dir='ltr'>quanquam</span> <span class='ocrx_word' id='word_1_316' title='bbox 855 1393 893 1412; x_wconf 94' lang='lat' dir='ltr'>vidi</span> <span class='ocrx_word' id='word_1_317' title='bbox 905 1400 938 1412; x_wconf 87' lang='lat' dir='ltr'>eos</span> <span class='ocrx_word' id='word_1_318' title='bbox 950 1394 1028 1418; x_wconf 77' lang='lat' dir='ltr'>quidem</span> <span class='ocrx_word' id='word_1_319' title='bbox 1043 1393 1104 1411; x_wconf 87' lang='lat' dir='ltr'>liben-</span> 
     </span>
     <span class='ocr_line' id='line_1_33' title="bbox 178 1424 1104 1449; baseline 0 -6"><span class='ocrx_word' id='word_1_320' title='bbox 178 1424 250 1447; x_wconf 87' lang='lat' dir='ltr'>issime,</span> <span class='ocrx_word' id='word_1_321' title='bbox 265 1430 323 1449; x_wconf 79' lang='lat' dir='ltr'>quam</span> <span class='ocrx_word' id='word_1_322' title='bbox 337 1425 419 1449; x_wconf 73' lang='lat' dir='ltr'>graviter</span> <span class='ocrx_word' id='word_1_323' title='bbox 438 1424 502 1443; x_wconf 80' lang='lat' dir='ltr'>audivi</span> <span class='ocrx_word' id='word_1_324' title='bbox 517 1425 665 1448; x_wconf 77' lang='lat' dir='ltr'>excusationem,</span> <span class='ocrx_word' id='word_1_325' title='bbox 685 1431 730 1449; x_wconf 83' lang='lat' dir='ltr'>qua,</span> <span class='ocrx_word' id='word_1_326' title='bbox 745 1431 768 1443; x_wconf 84' lang='lat' dir='ltr'>ne</span> <span class='ocrx_word' id='word_1_327' title='bbox 783 1424 895 1443; x_wconf 79' lang='lat' dir='ltr'>Cracoviarn</span> <span class='ocrx_word' id='word_1_328' title='bbox 915 1425 950 1443; x_wconf 87' lang='lat' dir='ltr'>sibi</span> <span class='ocrx_word' id='word_1_329' title='bbox 966 1424 1002 1443; x_wconf 83' lang='lat' dir='ltr'>hoc</span> <span class='ocrx_word' id='word_1_330' title='bbox 1016 1428 1104 1449; x_wconf 81' lang='lat' dir='ltr'>tempore</span> 
     </span>
     <span class='ocr_line' id='line_1_34' title="bbox 181 1455 1104 1480; baseline 0 -6"><span class='ocrx_word' id='word_1_331' title='bbox 181 1456 257 1474; x_wconf 88' lang='lat' dir='ltr'>undum</span> <span class='ocrx_word' id='word_1_332' title='bbox 273 1455 305 1479; x_wconf 89' lang='lat' dir='ltr'>sit,</span> <span class='ocrx_word' id='word_1_333' title='bbox 326 1456 385 1474; x_wconf 87' lang='lat' dir='ltr'>utitur</span> <span class='ocrx_word' id='word_1_334' title='bbox 399 1456 422 1474; x_wconf 92' lang='lat' dir='ltr'>V.</span> <span class='ocrx_word' id='word_1_335' title='bbox 437 1455 487 1478; x_wconf 75' lang='lat' dir='ltr'>Ftas,</span> <span class='ocrx_word' id='word_1_336' title='bbox 502 1456 520 1474; x_wconf 92' lang='lat' dir='ltr'>in</span> <span class='ocrx_word' id='word_1_337' title='bbox 535 1462 574 1480; x_wconf 90' lang='lat' dir='ltr'>quo</span> <span class='ocrx_word' id='word_1_338' title='bbox 589 1456 654 1479; x_wconf 84' lang='lat' dir='ltr'>velim,</span> <span class='ocrx_word' id='word_1_339' title='bbox 675 1456 732 1474; x_wconf 85' lang='lat' dir='ltr'>etiam</span> <span class='ocrx_word' id='word_1_340' title='bbox 749 1460 807 1480; x_wconf 82' lang='lat' dir='ltr'>atque</span> <span class='ocrx_word' id='word_1_341' title='bbox 821 1456 878 1474; x_wconf 81' lang='lat' dir='ltr'>etiarn</span> <span class='ocrx_word' id='word_1_342' title='bbox 898 1456 968 1479; x_wconf 86' lang='lat' dir='ltr'>videat,</span> <span class='ocrx_word' id='word_1_343' title='bbox 989 1456 1034 1480; x_wconf 85' lang='lat' dir='ltr'>quid</span> <span class='ocrx_word' id='word_1_344' title='bbox 1055 1459 1104 1480; x_wconf 86' lang='lat' dir='ltr'>agat.</span> 
     </span>
     <span class='ocr_line' id='line_1_35' title="bbox 178 1486 1104 1512; baseline -0.001 -6"><span class='ocrx_word' id='word_1_345' title='bbox 178 1488 259 1506; x_wconf 70' lang='lat' dir='ltr'>‘fimum</span> <span class='ocrx_word' id='word_1_346' title='bbox 274 1487 359 1506; x_wconf 78' lang='lat' dir='ltr'>officium</span> <span class='ocrx_word' id='word_1_347' title='bbox 375 1487 411 1506; x_wconf 84' lang='lat' dir='ltr'>hoc</span> <span class='ocrx_word' id='word_1_348' title='bbox 426 1493 470 1512; x_wconf 82' lang='lat' dir='ltr'>erga</span> <span class='ocrx_word' id='word_1_349' title='bbox 485 1493 515 1505; x_wconf 82' lang='lat' dir='ltr'>ine</span> <span class='ocrx_word' id='word_1_350' title='bbox 530 1487 618 1511; x_wconf 79' lang='lat' dir='ltr'>intelligit</span> <span class='ocrx_word' id='word_1_351' title='bbox 632 1493 651 1505; x_wconf 88' lang='lat' dir='ltr'>se</span> <span class='ocrx_word' id='word_1_352' title='bbox 666 1487 714 1505; x_wconf 85' lang='lat' dir='ltr'>mihi</span> <span class='ocrx_word' id='word_1_353' title='bbox 727 1488 804 1510; x_wconf 76' lang='lat' dir='ltr'>debere,</span> <span class='ocrx_word' id='word_1_354' title='bbox 818 1491 839 1506; x_wconf 87' lang='lat' dir='ltr'>ut</span> <span class='ocrx_word' id='word_1_355' title='bbox 853 1494 883 1506; x_wconf 85' lang='lat' dir='ltr'>me</span> <span class='ocrx_word' id='word_1_356' title='bbox 898 1486 1011 1505; x_wconf 75' lang='lat' dir='ltr'>Cracoviam</span> <span class='ocrx_word' id='word_1_357' title='bbox 1025 1487 1104 1505; x_wconf 84' lang='lat' dir='ltr'>venien-</span> 
     </span>
     <span class='ocr_line' id='line_1_36' title="bbox 178 1517 1104 1543; baseline -0.001 -6"><span class='ocrx_word' id='word_1_358' title='bbox 178 1525 208 1537; x_wconf 88' lang='lat' dir='ltr'>em</span> <span class='ocrx_word' id='word_1_359' title='bbox 224 1518 315 1543; x_wconf 54' lang='lat' dir='ltr'>excipiam</span> <span class='ocrx_word' id='word_1_360' title='bbox 330 1518 399 1537; x_wconf 85' lang='lat' dir='ltr'>deinde</span> <span class='ocrx_word' id='word_1_361' title='bbox 413 1518 438 1537; x_wconf 88' lang='lat' dir='ltr'>ita</span> <span class='ocrx_word' id='word_1_362' title='bbox 453 1518 488 1537; x_wconf 83' lang='lat' dir='ltr'>sibi</span> <span class='ocrx_word' id='word_1_363' title='bbox 502 1518 615 1543; x_wconf 76' lang='lat' dir='ltr'>persuadeat</span> <span class='ocrx_word' id='word_1_364' title='bbox 629 1518 692 1541; x_wconf 83' lang='lat' dir='ltr'>etiam,</span> <span class='ocrx_word' id='word_1_365' title='bbox 707 1519 722 1537; x_wconf 86' lang='lat' dir='ltr'>si</span> <span class='ocrx_word' id='word_1_366' title='bbox 735 1519 760 1542; x_wconf 83' lang='lat' dir='ltr'>id,</span> <span class='ocrx_word' id='word_1_367' title='bbox 775 1519 827 1543; x_wconf 87' lang='lat' dir='ltr'>quod</span> <span class='ocrx_word' id='word_1_368' title='bbox 840 1524 861 1537; x_wconf 83' lang='lat' dir='ltr'>ex</span> <span class='ocrx_word' id='word_1_369' title='bbox 876 1518 940 1537; x_wconf 83' lang='lat' dir='ltr'>officio</span> <span class='ocrx_word' id='word_1_370' title='bbox 956 1518 1018 1541; x_wconf 83' lang='lat' dir='ltr'>debet,</span> <span class='ocrx_word' id='word_1_371' title='bbox 1033 1517 1104 1540; x_wconf 80' lang='lat' dir='ltr'>fecerit,</span> 
     </span>
     <span class='ocr_line' id='line_1_37' title="bbox 180 1548 1103 1574; baseline -0.001 -6"><span class='ocrx_word' id='word_1_372' title='bbox 180 1556 211 1568; x_wconf 87' lang='lat' dir='ltr'>ern</span> <span class='ocrx_word' id='word_1_373' title='bbox 226 1556 247 1568; x_wconf 85' lang='lat' dir='ltr'>se</span> <span class='ocrx_word' id='word_1_374' title='bbox 262 1550 308 1568; x_wconf 82' lang='lat' dir='ltr'>mihi</span> <span class='ocrx_word' id='word_1_375' title='bbox 328 1550 465 1574; x_wconf 77' lang='lat' dir='ltr'>gratissimam,</span> <span class='ocrx_word' id='word_1_376' title='bbox 485 1550 559 1574; x_wconf 86' lang='lat' dir='ltr'>sibique</span> <span class='ocrx_word' id='word_1_377' title='bbox 573 1553 592 1568; x_wconf 79' lang='lat' dir='ltr'>et</span> <span class='ocrx_word' id='word_1_378' title='bbox 605 1553 646 1568; x_wconf 91' lang='lat' dir='ltr'>toto</span> <span class='ocrx_word' id='word_1_379' title='bbox 661 1553 727 1568; x_wconf 87' lang='lat' dir='ltr'>nostro</span> <span class='ocrx_word' id='word_1_380' title='bbox 747 1549 810 1568; x_wconf 85' lang='lat' dir='ltr'>ordini</span> <span class='ocrx_word' id='word_1_381' title='bbox 831 1549 956 1568; x_wconf 80' lang='lat' dir='ltr'>ecclesiastico</span> <span class='ocrx_word' id='word_1_382' title='bbox 976 1548 1103 1567; x_wconf 81' lang='lat' dir='ltr'>honorificam</span> 
     </span>
     <span class='ocr_line' id='line_1_38' title="bbox 180 1580 1104 1605; baseline -0.001 -6"><span class='ocrx_word' id='word_1_383' title='bbox 180 1587 211 1599; x_wconf 78' lang='lat' dir='ltr'>sse</span> <span class='ocrx_word' id='word_1_384' title='bbox 227 1581 326 1599; x_wconf 85' lang='lat' dir='ltr'>facturam.</span> <span class='ocrx_word' id='word_1_385' title='bbox 340 1581 399 1605; x_wconf 83' lang='lat' dir='ltr'>ldque</span> <span class='ocrx_word' id='word_1_386' title='bbox 413 1581 437 1599; x_wconf 87' lang='lat' dir='ltr'>ab</span> <span class='ocrx_word' id='word_1_387' title='bbox 452 1581 482 1599; x_wconf 87' lang='lat' dir='ltr'>illa</span> <span class='ocrx_word' id='word_1_388' title='bbox 497 1587 532 1605; x_wconf 85' lang='lat' dir='ltr'>pro</span> <span class='ocrx_word' id='word_1_389' title='bbox 547 1581 645 1599; x_wconf 77' lang='lat' dir='ltr'>voluntate</span> <span class='ocrx_word' id='word_1_390' title='bbox 660 1587 701 1599; x_wconf 85' lang='lat' dir='ltr'>mea</span> <span class='ocrx_word' id='word_1_391' title='bbox 717 1585 768 1605; x_wconf 84' lang='lat' dir='ltr'>peto,</span> <span class='ocrx_word' id='word_1_392' title='bbox 782 1587 818 1605; x_wconf 88' lang='lat' dir='ltr'>pro</span> <span class='ocrx_word' id='word_1_393' title='bbox 831 1580 933 1599; x_wconf 75' lang='lat' dir='ltr'>autoritate</span> <span class='ocrx_word' id='word_1_394' title='bbox 947 1580 1031 1605; x_wconf 88' lang='lat' dir='ltr'>requiro.</span> <span class='ocrx_word' id='word_1_395' title='bbox 1048 1580 1104 1602; x_wconf 84' lang='lat' dir='ltr'>Quae</span> 
     </span>
    </p>
   </div>
   <div class='ocr_carea' id='block_1_9' title="bbox 204 1658 1104 1732">
    <p class='ocr_par' dir='ltr' id='par_1_12' title="bbox 204 1658 1104 1732">
     <span class='ocr_line' id='line_1_39' title="bbox 206 1658 616 1674; baseline 0 0"><span class='ocrx_word' id='word_1_396' title='bbox 206 1659 212 1670; x_wconf 86' lang='lat'><strong>¹</strong></span> <span class='ocrx_word' id='word_1_397' title='bbox 234 1659 303 1674; x_wconf 80' lang='lat' dir='ltr'>Adriano</span> <span class='ocrx_word' id='word_1_398' title='bbox 315 1658 424 1674; x_wconf 73' lang='lat' dir='ltr'>Sknszowski?</span> <span class='ocrx_word' id='word_1_399' title='bbox 487 1659 494 1670; x_wconf 82' lang='lat'>²</span> <span class='ocrx_word' id='word_1_400' title='bbox 508 1658 616 1674; x_wconf 76' lang='lat' dir='ltr'>Kielcensem?</span> 
     </span>
     <span class='ocr_line' id='line_1_40' title="bbox 204 1685 1104 1705; baseline 0 -5"><span class='ocrx_word' id='word_1_401' title='bbox 204 1686 211 1695; x_wconf 78' lang='lat'><strong>³</strong></span> <span class='ocrx_word' id='word_1_402' title='bbox 234 1685 345 1705; x_wconf 77' lang='lat' dir='ltr'>Pokrzywnica</span> <span class='ocrx_word' id='word_1_403' title='bbox 356 1685 383 1700; x_wconf 82' lang='lat' dir='ltr'>lub</span> <span class='ocrx_word' id='word_1_404' title='bbox 395 1685 507 1705; x_wconf 74' lang='lat' dir='ltr'>Koprzywnicn</span> <span class='ocrx_word' id='word_1_405' title='bbox 519 1690 528 1700; x_wconf 89' lang='lat'>0</span> <span class='ocrx_word' id='word_1_406' title='bbox 538 1690 546 1701; x_wconf 71' lang='grc' dir='ltr'><strong>π</strong></span> <span class='ocrx_word' id='word_1_407' title='bbox 555 1685 592 1701; x_wconf 82' lang='lat' dir='ltr'>mile</span> <span class='ocrx_word' id='word_1_408' title='bbox 604 1685 624 1700; x_wconf 83' lang='lat' dir='ltr'>od</span> <span class='ocrx_word' id='word_1_409' title='bbox 636 1685 747 1701; x_wconf 69' lang='lat' dir='ltr'>Sandornierza</span> <span class='ocrx_word' id='word_1_410' title='bbox 759 1686 788 1701; x_wconf 82' lang='lat' dir='ltr'>nnd</span> <span class='ocrx_word' id='word_1_411' title='bbox 797 1685 849 1705; x_wconf 62' lang='lat' dir='ltr'>Wislq</span> <span class='ocrx_word' id='word_1_412' title='bbox 857 1690 871 1701; x_wconf 89' lang='lat' dir='ltr'><strong>w</strong></span> <span class='ocrx_word' id='word_1_413' title='bbox 881 1686 942 1705; x_wconf 81' lang='lat' dir='ltr'>wojew.</span> <span class='ocrx_word' id='word_1_414' title='bbox 954 1685 1104 1703; x_wconf 61' lang='lat' dir='ltr'>snndomierskifim,</span> 
     </span>
     <span class='ocr_line' id='line_1_41' title="bbox 234 1712 415 1732; baseline 0.006 -7"><span class='ocrx_word' id='word_1_415' title='bbox 234 1715 308 1731; x_wconf 73' lang='lat' dir='ltr'>opactwo</span> <span class='ocrx_word' id='word_1_416' title='bbox 319 1712 415 1732; x_wconf 78' lang='lat' dir='ltr'>Cysters6w.</span> 
     </span>
    </p>
   </div>
  </div>
 </body>
</html>
