<?xml version="1.0" encoding="UTF-8"?>
<!DOCTYPE html PUBLIC "-//W3C//DTD XHTML 1.0 Transitional//EN"
    "http://www.w3.org/TR/xhtml1/DTD/xhtml1-transitional.dtd">
<html xmlns="http://www.w3.org/1999/xhtml" xml:lang="en" lang="en">
 <head>
  <title>
</title>
<meta http-equiv="Content-Type" content="text/html;charset=utf-8" />
  <meta name='ocr-system' content='tesseract 3.04.00' />
  <meta name='ocr-capabilities' content='ocr_page ocr_carea ocr_par ocr_line ocrx_word'/>
</head>
<body>
  <div class='ocr_page' id='page_1' title='image "actahistoricare06ulangoog_0434.png"; bbox 0 0 1465 2093; ppageno 0'>
   <div class='ocr_carea' id='block_1_1' title="bbox 500 211 1110 230">
    <p class='ocr_par' dir='ltr' id='par_1_1' title="bbox 500 211 1110 230">
     <span class='ocr_line' id='line_1_1' title="bbox 500 211 1110 230; baseline -0.005 -4"><span class='ocrx_word' id='word_1_1' title='bbox 500 212 640 226; x_wconf 53' lang='lat' dir='ltr'>anawanum</span> <span class='ocrx_word' id='word_1_2' title='bbox 653 211 717 230; x_wconf 71' lang='lat' dir='ltr'>numi,</span> <span class='ocrx_word' id='word_1_3' title='bbox 731 211 795 225; x_wconf 75' lang='lat' dir='ltr'>unm.</span> <span class='ocrx_word' id='word_1_4' title='bbox 1075 211 1110 230; x_wconf 82' lang='lat'>393</span> 
     </span>
    </p>
   </div>
   <div class='ocr_carea' id='block_1_2' title="bbox 178 263 1112 414">
    <p class='ocr_par' dir='ltr' id='par_1_2' title="bbox 178 263 1112 414">
     <span class='ocr_line' id='line_1_2' title="bbox 178 263 1112 289; baseline -0.002 -6"><span class='ocrx_word' id='word_1_5' title='bbox 178 264 287 287; x_wconf 72' lang='lat' dir='ltr'>videbatur,</span> <span class='ocrx_word' id='word_1_6' title='bbox 308 264 386 289; x_wconf 74' lang='lat' dir='ltr'>polliciti</span> <span class='ocrx_word' id='word_1_7' title='bbox 401 270 477 287; x_wconf 79' lang='lat' dir='ltr'>sumusy</span> <span class='ocrx_word' id='word_1_8' title='bbox 497 264 554 283; x_wconf 86' lang='lat' dir='ltr'>etiam</span> <span class='ocrx_word' id='word_1_9' title='bbox 569 264 615 283; x_wconf 83' lang='lat' dir='ltr'>haec</span> <span class='ocrx_word' id='word_1_10' title='bbox 630 270 665 282; x_wconf 89' lang='lat' dir='ltr'>nos</span> <span class='ocrx_word' id='word_1_11' title='bbox 684 270 724 282; x_wconf 87' lang='lat' dir='ltr'>esse</span> <span class='ocrx_word' id='word_1_12' title='bbox 739 264 765 282; x_wconf 85' lang='lat' dir='ltr'>illi</span> <span class='ocrx_word' id='word_1_13' title='bbox 779 264 892 286; x_wconf 77' lang='lat' dir='ltr'>tradituros,</span> <span class='ocrx_word' id='word_1_14' title='bbox 912 267 930 281; x_wconf 85' lang='lat' dir='ltr'>et</span> <span class='ocrx_word' id='word_1_15' title='bbox 944 263 967 282; x_wconf 77' lang='lat' dir='ltr'>ab</span> <span class='ocrx_word' id='word_1_16' title='bbox 981 263 1010 281; x_wconf 90' lang='lat' dir='ltr'>his</span> <span class='ocrx_word' id='word_1_17' title='bbox 1030 263 1112 281; x_wconf 82' lang='lat' dir='ltr'>libenter</span> 
     </span>
     <span class='ocr_line' id='line_1_3' title="bbox 178 295 1112 320; baseline -0.001 -6"><span class='ocrx_word' id='word_1_18' title='bbox 178 300 285 314; x_wconf 82' lang='lat' dir='ltr'>cessaturos</span> <span class='ocrx_word' id='word_1_19' title='bbox 299 301 387 320; x_wconf 65' lang='lat' dir='ltr'>quoque,</span> <span class='ocrx_word' id='word_1_20' title='bbox 407 302 456 320; x_wconf 84' lang='lat' dir='ltr'>quae</span> <span class='ocrx_word' id='word_1_21' title='bbox 476 302 531 320; x_wconf 83' lang='lat' dir='ltr'>agere</span> <span class='ocrx_word' id='word_1_22' title='bbox 546 299 590 320; x_wconf 84' lang='lat' dir='ltr'>post</span> <span class='ocrx_word' id='word_1_23' title='bbox 604 296 661 314; x_wconf 75' lang='lat' dir='ltr'>latam</span> <span class='ocrx_word' id='word_1_24' title='bbox 681 295 795 314; x_wconf 81' lang='lat' dir='ltr'>sententiam</span> <span class='ocrx_word' id='word_1_25' title='bbox 816 299 902 313; x_wconf 79' lang='lat' dir='ltr'>nostram</span> <span class='ocrx_word' id='word_1_26' title='bbox 921 295 1064 319; x_wconf 85' lang='lat' dir='ltr'>quoquomodo</span> <span class='ocrx_word' id='word_1_27' title='bbox 1079 298 1112 313; x_wconf 85' lang='lat' dir='ltr'>aut</span> 
     </span>
     <span class='ocr_line' id='line_1_4' title="bbox 178 326 1111 351; baseline -0.002 -5"><span class='ocrx_word' id='word_1_28' title='bbox 178 327 300 346; x_wconf 86' lang='lat' dir='ltr'>Vicariorum</span> <span class='ocrx_word' id='word_1_29' title='bbox 313 331 422 346; x_wconf 86' lang='lat' dir='ltr'>nostrorum</span> <span class='ocrx_word' id='word_1_30' title='bbox 435 327 540 346; x_wconf 80' lang='lat' dir='ltr'>interesset.</span> <span class='ocrx_word' id='word_1_31' title='bbox 549 327 608 350; x_wconf 89' lang='lat' dir='ltr'>Quod</span> <span class='ocrx_word' id='word_1_32' title='bbox 618 333 678 351; x_wconf 88' lang='lat' dir='ltr'>quum</span> <span class='ocrx_word' id='word_1_33' title='bbox 691 327 714 345; x_wconf 86' lang='lat' dir='ltr'>ita</span> <span class='ocrx_word' id='word_1_34' title='bbox 727 327 756 350; x_wconf 81' lang='lat' dir='ltr'>sit,</span> <span class='ocrx_word' id='word_1_35' title='bbox 769 330 872 351; x_wconf 86' lang='lat' dir='ltr'>utrumque</span> <span class='ocrx_word' id='word_1_36' title='bbox 884 326 958 344; x_wconf 86' lang='lat' dir='ltr'>Ftatem</span> <span class='ocrx_word' id='word_1_37' title='bbox 970 326 993 344; x_wconf 91' lang='lat' dir='ltr'>V.</span> <span class='ocrx_word' id='word_1_38' title='bbox 1005 326 1111 348; x_wconf 77' lang='lat' dir='ltr'>hortamur,</span> 
     </span>
     <span class='ocr_line' id='line_1_5' title="bbox 178 357 1111 383; baseline -0.002 -6"><span class='ocrx_word' id='word_1_39' title='bbox 178 363 198 377; x_wconf 86' lang='lat' dir='ltr'>ut</span> <span class='ocrx_word' id='word_1_40' title='bbox 212 363 231 377; x_wconf 91' lang='lat' dir='ltr'>et</span> <span class='ocrx_word' id='word_1_41' title='bbox 245 365 301 377; x_wconf 80' lang='lat' dir='ltr'>causa</span> <span class='ocrx_word' id='word_1_42' title='bbox 321 358 356 377; x_wconf 83' lang='lat' dir='ltr'>ista</span> <span class='ocrx_word' id='word_1_43' title='bbox 371 359 390 377; x_wconf 92' lang='lat' dir='ltr'>in</span> <span class='ocrx_word' id='word_1_44' title='bbox 405 359 515 377; x_wconf 82' lang='lat' dir='ltr'>universum</span> <span class='ocrx_word' id='word_1_45' title='bbox 533 359 656 383; x_wconf 80' lang='lat' dir='ltr'>supersedeat</span> <span class='ocrx_word' id='word_1_46' title='bbox 673 358 723 383; x_wconf 78' lang='lat' dir='ltr'>ipsa,</span> <span class='ocrx_word' id='word_1_47' title='bbox 744 358 797 382; x_wconf 86' lang='lat' dir='ltr'>cujus</span> <span class='ocrx_word' id='word_1_48' title='bbox 812 357 942 382; x_wconf 81' lang='lat' dir='ltr'>cognitionem</span> <span class='ocrx_word' id='word_1_49' title='bbox 962 357 1111 381; x_wconf 79' lang='lat' dir='ltr'>Metropolitano</span> 
     </span>
     <span class='ocr_line' id='line_1_6' title="bbox 178 388 1111 414; baseline -0.001 -6"><span class='ocrx_word' id='word_1_50' title='bbox 178 394 245 408; x_wconf 86' lang='lat' dir='ltr'>nostro</span> <span class='ocrx_word' id='word_1_51' title='bbox 261 390 374 413; x_wconf 68' lang='lat' dir='ltr'>detulimusy</span> <span class='ocrx_word' id='word_1_52' title='bbox 394 394 412 408; x_wconf 85' lang='lat' dir='ltr'>et</span> <span class='ocrx_word' id='word_1_53' title='bbox 426 394 466 408; x_wconf 82' lang='lat' dir='ltr'>acta</span> <span class='ocrx_word' id='word_1_54' title='bbox 481 389 560 408; x_wconf 83' lang='lat' dir='ltr'>exscribi</span> <span class='ocrx_word' id='word_1_55' title='bbox 575 390 639 414; x_wconf 84' lang='lat' dir='ltr'>jubeat</span> <span class='ocrx_word' id='word_1_56' title='bbox 653 390 748 414; x_wconf 85' lang='lat' dir='ltr'>nobisque</span> <span class='ocrx_word' id='word_1_57' title='bbox 763 389 825 407; x_wconf 83' lang='lat' dir='ltr'>mittat</span> <span class='ocrx_word' id='word_1_58' title='bbox 839 389 914 411; x_wconf 69' lang='lat' dir='ltr'>omnia,</span> <span class='ocrx_word' id='word_1_59' title='bbox 929 388 998 413; x_wconf 84' lang='lat' dir='ltr'>quibus</span> <span class='ocrx_word' id='word_1_60' title='bbox 1018 389 1063 407; x_wconf 79' lang='lat' dir='ltr'>haec</span> <span class='ocrx_word' id='word_1_61' title='bbox 1077 389 1111 407; x_wconf 88' lang='lat' dir='ltr'>ista</span> 
     </span>
    </p>
   </div>
   <div class='ocr_carea' id='block_1_3' title="bbox 177 419 1111 471">
    <p class='ocr_par' dir='ltr' id='par_1_3' title="bbox 177 419 1111 471">
     <span class='ocr_line' id='line_1_7' title="bbox 178 419 1111 445; baseline -0.001 -6"><span class='ocrx_word' id='word_1_62' title='bbox 178 427 246 440; x_wconf 77' lang='lat' dir='ltr'>:ausae</span> <span class='ocrx_word' id='word_1_63' title='bbox 261 421 346 445; x_wconf 83' lang='lat' dir='ltr'>cognitio</span> <span class='ocrx_word' id='word_1_64' title='bbox 361 421 422 445; x_wconf 86' lang='lat' dir='ltr'>possit</span> <span class='ocrx_word' id='word_1_65' title='bbox 435 427 475 439; x_wconf 81' lang='lat' dir='ltr'>esse</span> <span class='ocrx_word' id='word_1_66' title='bbox 490 425 508 439; x_wconf 82' lang='lat' dir='ltr'>et</span> <span class='ocrx_word' id='word_1_67' title='bbox 523 421 614 439; x_wconf 82' lang='lat' dir='ltr'>illustrior</span> <span class='ocrx_word' id='word_1_68' title='bbox 627 425 646 439; x_wconf 87' lang='lat' dir='ltr'>et</span> <span class='ocrx_word' id='word_1_69' title='bbox 659 421 738 439; x_wconf 79' lang='lat' dir='ltr'>facilior.</span> <span class='ocrx_word' id='word_1_70' title='bbox 754 421 805 439; x_wconf 83' lang='lat' dir='ltr'>Bene</span> <span class='ocrx_word' id='word_1_71' title='bbox 819 420 886 438; x_wconf 82' lang='lat' dir='ltr'>valeat.</span> <span class='ocrx_word' id='word_1_72' title='bbox 900 419 1025 444; x_wconf 78' lang='lat' dir='ltr'>Petricoviae,</span> <span class='ocrx_word' id='word_1_73' title='bbox 1039 419 1064 438; x_wconf 86' lang='lat' dir='ltr'>IX</span> <span class='ocrx_word' id='word_1_74' title='bbox 1077 420 1111 438; x_wconf 86' lang='lat' dir='ltr'>Fe-</span> 
     </span>
     <span class='ocr_line' id='line_1_8' title="bbox 177 452 344 471; baseline -0.006 0"><span class='ocrx_word' id='word_1_75' title='bbox 177 452 250 471; x_wconf 80' lang='lat' dir='ltr'>bruarii</span> <span class='ocrx_word' id='word_1_76' title='bbox 265 452 344 470; x_wconf 87' lang='lat' dir='ltr'>MDLll.</span> 
     </span>
    </p>
   </div>
   <div class='ocr_carea' id='block_1_4' title="bbox 204 525 695 545">
    <p class='ocr_par' dir='ltr' id='par_1_4' title="bbox 204 525 695 545">
     <span class='ocr_line' id='line_1_9' title="bbox 204 525 695 545; baseline 0.002 -1"><span class='ocrx_word' id='word_1_77' title='bbox 204 525 250 544; x_wconf 75' lang='lat'>744.</span> <span class='ocrx_word' id='word_1_78' title='bbox 597 526 695 545; x_wconf 82' lang='lat' dir='ltr'>Eidem.</span> 
     </span>
    </p>
   </div>
   <div class='ocr_carea' id='block_1_5' title="bbox 178 573 1113 820">
    <p class='ocr_par' dir='ltr' id='par_1_5' title="bbox 755 573 1112 595">
     <span class='ocr_line' id='line_1_10' title="bbox 755 573 1112 595; baseline 0.003 -4"><span class='ocrx_word' id='word_1_79' title='bbox 755 573 884 595; x_wconf 74' lang='lat' dir='ltr'>Petricom&#39;ae,</span> <span class='ocrx_word' id='word_1_80' title='bbox 901 574 924 591; x_wconf 80' lang='lat'>19</span> <span class='ocrx_word' id='word_1_81' title='bbox 937 573 1042 592; x_wconf 79' lang='lat' dir='ltr'>Februarii</span> <span class='ocrx_word' id='word_1_82' title='bbox 1057 574 1112 592; x_wconf 79' lang='lat'>1552.</span> 
     </span>
    </p>

    <p class='ocr_par' dir='ltr' id='par_1_6' title="bbox 242 608 1112 634">
     <span class='ocr_line' id='line_1_11' title="bbox 242 608 1112 634; baseline 0.001 -7"><span class='ocrx_word' id='word_1_83' title='bbox 242 609 283 627; x_wconf 81' lang='lat' dir='ltr'>Etsi</span> <span class='ocrx_word' id='word_1_84' title='bbox 298 615 336 627; x_wconf 89' lang='lat' dir='ltr'>non</span> <span class='ocrx_word' id='word_1_85' title='bbox 351 608 457 627; x_wconf 84' lang='lat' dir='ltr'>admodum</span> <span class='ocrx_word' id='word_1_86' title='bbox 479 615 555 627; x_wconf 85' lang='lat' dir='ltr'>necesse</span> <span class='ocrx_word' id='word_1_87' title='bbox 570 615 610 627; x_wconf 85' lang='lat' dir='ltr'>esse</span> <span class='ocrx_word' id='word_1_88' title='bbox 625 609 717 632; x_wconf 84' lang='lat' dir='ltr'>videatur,</span> <span class='ocrx_word' id='word_1_89' title='bbox 737 615 785 634; x_wconf 82' lang='lat' dir='ltr'>quae</span> <span class='ocrx_word' id='word_1_90' title='bbox 799 610 874 634; x_wconf 84' lang='lat' dir='ltr'>legibus</span> <span class='ocrx_word' id='word_1_91' title='bbox 891 610 1007 634; x_wconf 84' lang='lat' dir='ltr'>praescripta</span> <span class='ocrx_word' id='word_1_92' title='bbox 1022 614 1076 633; x_wconf 79' lang='lat' dir='ltr'>sunt,</span> <span class='ocrx_word' id='word_1_93' title='bbox 1091 616 1112 628; x_wconf 87' lang='lat' dir='ltr'>ea</span> 
     </span>
    </p>

    <p class='ocr_par' dir='ltr' id='par_1_7' title="bbox 178 640 1112 665">
     <span class='ocr_line' id='line_1_12' title="bbox 178 640 1112 665; baseline 0.001 -7"><span class='ocrx_word' id='word_1_94' title='bbox 178 641 201 659; x_wconf 92' lang='lat' dir='ltr'>V.</span> <span class='ocrx_word' id='word_1_95' title='bbox 217 640 267 658; x_wconf 81' lang='lat' dir='ltr'>Frati</span> <span class='ocrx_word' id='word_1_96' title='bbox 287 640 345 658; x_wconf 86' lang='lat' dir='ltr'>literis</span> <span class='ocrx_word' id='word_1_97' title='bbox 366 646 445 664; x_wconf 88' lang='lat' dir='ltr'>quoque</span> <span class='ocrx_word' id='word_1_98' title='bbox 460 640 530 659; x_wconf 85' lang='lat' dir='ltr'>nostris</span> <span class='ocrx_word' id='word_1_99' title='bbox 544 640 656 665; x_wconf 82' lang='lat' dir='ltr'>praescribi,</span> <span class='ocrx_word' id='word_1_100' title='bbox 676 646 699 658; x_wconf 91' lang='lat' dir='ltr'>ne</span> <span class='ocrx_word' id='word_1_101' title='bbox 715 640 757 665; x_wconf 88' lang='lat' dir='ltr'>quis</span> <span class='ocrx_word' id='word_1_102' title='bbox 771 640 790 659; x_wconf 89' lang='lat' dir='ltr'>id</span> <span class='ocrx_word' id='word_1_103' title='bbox 804 644 869 659; x_wconf 86' lang='lat' dir='ltr'>tamen</span> <span class='ocrx_word' id='word_1_104' title='bbox 883 641 939 659; x_wconf 85' lang='lat' dir='ltr'>etiam</span> <span class='ocrx_word' id='word_1_105' title='bbox 955 641 974 659; x_wconf 93' lang='lat' dir='ltr'>in</span> <span class='ocrx_word' id='word_1_106' title='bbox 989 641 1044 659; x_wconf 89' lang='lat' dir='ltr'>nobis</span> <span class='ocrx_word' id='word_1_107' title='bbox 1064 641 1112 659; x_wconf 86' lang='lat' dir='ltr'>desi-</span> 
     </span>
    </p>

    <p class='ocr_par' dir='ltr' id='par_1_8' title="bbox 178 671 1112 697">
     <span class='ocr_line' id='line_1_13' title="bbox 178 671 1112 697; baseline 0.001 -7"><span class='ocrx_word' id='word_1_108' title='bbox 178 672 242 695; x_wconf 77' lang='lat' dir='ltr'>deret,</span> <span class='ocrx_word' id='word_1_109' title='bbox 263 672 336 690; x_wconf 82' lang='lat' dir='ltr'>Ftatem</span> <span class='ocrx_word' id='word_1_110' title='bbox 351 675 403 690; x_wconf 85' lang='lat' dir='ltr'>tuam</span> <span class='ocrx_word' id='word_1_111' title='bbox 418 671 518 690; x_wconf 82' lang='lat' dir='ltr'>hortamur</span> <span class='ocrx_word' id='word_1_112' title='bbox 537 671 646 696; x_wconf 82' lang='lat' dir='ltr'>diligenter,</span> <span class='ocrx_word' id='word_1_113' title='bbox 667 675 687 689; x_wconf 88' lang='lat' dir='ltr'>ut</span> <span class='ocrx_word' id='word_1_114' title='bbox 707 671 809 690; x_wconf 86' lang='lat' dir='ltr'>violentam</span> <span class='ocrx_word' id='word_1_115' title='bbox 830 672 881 690; x_wconf 81' lang='lat' dir='ltr'>illam</span> <span class='ocrx_word' id='word_1_116' title='bbox 902 678 970 690; x_wconf 89' lang='lat' dir='ltr'>manus</span> <span class='ocrx_word' id='word_1_117' title='bbox 989 672 1112 697; x_wconf 84' lang='lat' dir='ltr'>injectionem</span> 
     </span>
    </p>

    <p class='ocr_par' dir='ltr' id='par_1_9' title="bbox 178 698 1113 728">
     <span class='ocr_line' id='line_1_14' title="bbox 178 698 1113 728; baseline 0.001 -7"><span class='ocrx_word' id='word_1_118' title='bbox 178 703 197 722; x_wconf 86' lang='lat' dir='ltr'>in</span> <span class='ocrx_word' id='word_1_119' title='bbox 212 703 232 721; x_wconf 88' lang='lat' dir='ltr'>id</span> <span class='ocrx_word' id='word_1_120' title='bbox 248 698 346 726; x_wconf 64' lang='lat' dir='ltr'>Phianum,</span> <span class='ocrx_word' id='word_1_121' title='bbox 366 703 419 728; x_wconf 81' lang='lat' dir='ltr'>quod</span> <span class='ocrx_word' id='word_1_122' title='bbox 434 703 453 721; x_wconf 90' lang='lat' dir='ltr'>in</span> <span class='ocrx_word' id='word_1_123' title='bbox 468 703 534 721; x_wconf 74' lang='lat' dir='ltr'>circo*</span> <span class='ocrx_word' id='word_1_124' title='bbox 555 702 677 721; x_wconf 86' lang='lat' dir='ltr'>Cracoviensi</span> <span class='ocrx_word' id='word_1_125' title='bbox 697 703 842 722; x_wconf 84' lang='lat' dir='ltr'>celeberrimum</span> <span class='ocrx_word' id='word_1_126' title='bbox 863 703 952 726; x_wconf 76' lang='lat' dir='ltr'>habetur,</span> <span class='ocrx_word' id='word_1_127' title='bbox 971 703 1024 722; x_wconf 88' lang='lat' dir='ltr'>omni</span> <span class='ocrx_word' id='word_1_128' title='bbox 1039 704 1113 722; x_wconf 74' lang='lat' dir='ltr'>ratione</span> 
     </span>
    </p>

    <p class='ocr_par' dir='ltr' id='par_1_10' title="bbox 178 733 1113 760">
     <span class='ocr_line' id='line_1_15' title="bbox 178 733 1113 760; baseline 0.001 -8"><span class='ocrx_word' id='word_1_129' title='bbox 178 738 307 759; x_wconf 83' lang='lat' dir='ltr'>persequatur</span> <span class='ocrx_word' id='word_1_130' title='bbox 321 738 339 753; x_wconf 84' lang='lat' dir='ltr'>et</span> <span class='ocrx_word' id='word_1_131' title='bbox 353 734 442 756; x_wconf 79' lang='lat' dir='ltr'>vindicet,</span> <span class='ocrx_word' id='word_1_132' title='bbox 457 738 477 753; x_wconf 94' lang='lat' dir='ltr'>ut</span> <span class='ocrx_word' id='word_1_133' title='bbox 492 738 510 752; x_wconf 80' lang='lat' dir='ltr'>et</span> <span class='ocrx_word' id='word_1_134' title='bbox 524 740 557 752; x_wconf 80' lang='lat' dir='ltr'>sua</span> <span class='ocrx_word' id='word_1_135' title='bbox 572 734 639 758; x_wconf 82' lang='lat' dir='ltr'>religio</span> <span class='ocrx_word' id='word_1_136' title='bbox 654 733 721 752; x_wconf 86' lang='lat' dir='ltr'>Phano</span> <span class='ocrx_word' id='word_1_137' title='bbox 736 740 776 752; x_wconf 82' lang='lat' dir='ltr'>esse</span> <span class='ocrx_word' id='word_1_138' title='bbox 794 734 880 753; x_wconf 73' lang='lat' dir='ltr'>restituta</span> <span class='ocrx_word' id='word_1_139' title='bbox 895 739 913 753; x_wconf 87' lang='lat' dir='ltr'>et</span> <span class='ocrx_word' id='word_1_140' title='bbox 928 735 984 753; x_wconf 84' lang='lat' dir='ltr'>Petro</span> <span class='ocrx_word' id='word_1_141' title='bbox 999 735 1113 760; x_wconf 88' lang='lat' dir='ltr'>Lesczynski</span> 
     </span>
    </p>

    <p class='ocr_par' dir='ltr' id='par_1_11' title="bbox 178 765 1112 820">
     <span class='ocr_line' id='line_1_16' title="bbox 178 765 1112 791; baseline 0.002 -8"><span class='ocrx_word' id='word_1_142' title='bbox 178 766 258 790; x_wconf 75' lang='lat' dir='ltr'>injuria,</span> <span class='ocrx_word' id='word_1_143' title='bbox 279 771 337 789; x_wconf 87' lang='lat' dir='ltr'>quam</span> <span class='ocrx_word' id='word_1_144' title='bbox 352 771 374 783; x_wconf 82' lang='lat' dir='ltr'>cx</span> <span class='ocrx_word' id='word_1_145' title='bbox 388 769 438 784; x_wconf 82' lang='lat' dir='ltr'>secta</span> <span class='ocrx_word' id='word_1_146' title='bbox 453 765 497 783; x_wconf 83' lang='lat' dir='ltr'>sede</span> <span class='ocrx_word' id='word_1_147' title='bbox 517 765 580 783; x_wconf 86' lang='lat' dir='ltr'>uxoris</span> <span class='ocrx_word' id='word_1_148' title='bbox 595 771 639 783; x_wconf 79' lang='lat' dir='ltr'>suae</span> <span class='ocrx_word' id='word_1_149' title='bbox 654 765 735 789; x_wconf 83' lang='lat' dir='ltr'>accepit,</span> <span class='ocrx_word' id='word_1_150' title='bbox 755 765 840 789; x_wconf 79' lang='lat' dir='ltr'>mitigata</span> <span class='ocrx_word' id='word_1_151' title='bbox 854 770 912 791; x_wconf 89' lang='lat' dir='ltr'>atque</span> <span class='ocrx_word' id='word_1_152' title='bbox 926 766 974 785; x_wconf 87' lang='lat' dir='ltr'>adeo</span> <span class='ocrx_word' id='word_1_153' title='bbox 989 770 1112 791; x_wconf 77' lang='lat' dir='ltr'>compensata</span> 
     </span>
     <span class='ocr_line' id='line_1_17' title="bbox 178 796 999 820; baseline 0.001 -5"><span class='ocrx_word' id='word_1_154' title='bbox 178 797 272 816; x_wconf 81' lang='lat' dir='ltr'>videatur.</span> <span class='ocrx_word' id='word_1_155' title='bbox 287 797 339 815; x_wconf 82' lang='lat' dir='ltr'>Bene</span> <span class='ocrx_word' id='word_1_156' title='bbox 353 797 414 815; x_wconf 80' lang='lat' dir='ltr'>valeat</span> <span class='ocrx_word' id='word_1_157' title='bbox 429 796 472 815; x_wconf 81' lang='lat' dir='ltr'>Ftas</span> <span class='ocrx_word' id='word_1_158' title='bbox 487 796 508 814; x_wconf 93' lang='lat' dir='ltr'>V.</span> <span class='ocrx_word' id='word_1_159' title='bbox 524 796 596 815; x_wconf 73' lang='lat' dir='ltr'>Datum</span> <span class='ocrx_word' id='word_1_160' title='bbox 610 796 653 814; x_wconf 86' lang='lat' dir='ltr'>XIX</span> <span class='ocrx_word' id='word_1_161' title='bbox 668 796 767 815; x_wconf 82' lang='lat' dir='ltr'>Februarii</span> <span class='ocrx_word' id='word_1_162' title='bbox 782 797 861 820; x_wconf 88' lang='lat' dir='ltr'>MDLll,</span> <span class='ocrx_word' id='word_1_163' title='bbox 876 797 999 816; x_wconf 81' lang='lat' dir='ltr'>Petricoviae.</span> 
     </span>
    </p>
   </div>
   <div class='ocr_carea' id='block_1_6' title="bbox 204 875 697 894">
    <p class='ocr_par' dir='ltr' id='par_1_12' title="bbox 204 875 697 894">
     <span class='ocr_line' id='line_1_18' title="bbox 204 875 697 894; baseline 0 0"><span class='ocrx_word' id='word_1_164' title='bbox 204 875 251 894; x_wconf 78' lang='lat'>745.</span> <span class='ocrx_word' id='word_1_165' title='bbox 600 875 697 894; x_wconf 68' lang='lat' dir='ltr'>Eidem⁴</span> 
     </span>
    </p>
   </div>
   <div class='ocr_carea' id='block_1_7' title="bbox 178 922 1115 1264">
    <p class='ocr_par' dir='ltr' id='par_1_13' title="bbox 178 922 1115 1264">
     <span class='ocr_line' id='line_1_19' title="bbox 804 922 1113 946; baseline 0.006 -6"><span class='ocrx_word' id='word_1_166' title='bbox 804 922 930 946; x_wconf 69' lang='lat' dir='ltr'>Petricovffle,</span> <span class='ocrx_word' id='word_1_167' title='bbox 946 923 959 941; x_wconf 79' lang='lat'><em>8</em></span> <span class='ocrx_word' id='word_1_168' title='bbox 972 923 1043 942; x_wconf 75' lang='lat' dir='ltr'>Martii</span> <span class='ocrx_word' id='word_1_169' title='bbox 1057 923 1113 942; x_wconf 79' lang='lat'>1552.</span> 
     </span>
     <span class='ocr_line' id='line_1_20' title="bbox 244 956 1114 983; baseline 0.001 -6"><span class='ocrx_word' id='word_1_170' title='bbox 244 959 359 977; x_wconf 77' lang='lat' dir='ltr'>Mandamus</span> <span class='ocrx_word' id='word_1_171' title='bbox 380 958 429 977; x_wconf 79' lang='lat' dir='ltr'>Ftati</span> <span class='ocrx_word' id='word_1_172' title='bbox 444 962 497 981; x_wconf 82' lang='lat' dir='ltr'>tuae,</span> <span class='ocrx_word' id='word_1_173' title='bbox 517 964 540 977; x_wconf 90' lang='lat' dir='ltr'>ne</span> <span class='ocrx_word' id='word_1_174' title='bbox 558 959 582 977; x_wconf 83' lang='lat' dir='ltr'>ad</span> <span class='ocrx_word' id='word_1_175' title='bbox 599 964 678 977; x_wconf 81' lang='lat' dir='ltr'>examen</span> <span class='ocrx_word' id='word_1_176' title='bbox 700 958 819 977; x_wconf 81' lang='lat' dir='ltr'>clericorum</span> <span class='ocrx_word' id='word_1_177' title='bbox 839 963 948 983; x_wconf 78' lang='lat' dir='ltr'>quenquam</span> <span class='ocrx_word' id='word_1_178' title='bbox 969 956 1004 977; x_wconf 72' lang='lat' dir='ltr'>aut¹</span> <span class='ocrx_word' id='word_1_179' title='bbox 1020 959 1114 983; x_wconf 78' lang='lat' dir='ltr'>praeferat</span> 
     </span>
     <span class='ocr_line' id='line_1_21' title="bbox 181 989 1114 1016; baseline 0 -7"><span class='ocrx_word' id='word_1_180' title='bbox 181 997 226 1016; x_wconf 79' lang='lat' dir='ltr'>psa,</span> <span class='ocrx_word' id='word_1_181' title='bbox 241 994 275 1009; x_wconf 85' lang='lat' dir='ltr'>aut</span> <span class='ocrx_word' id='word_1_182' title='bbox 288 990 379 1015; x_wconf 83' lang='lat' dir='ltr'>praeferri</span> <span class='ocrx_word' id='word_1_183' title='bbox 394 990 476 1014; x_wconf 84' lang='lat' dir='ltr'>patiatur</span> <span class='ocrx_word' id='word_1_184' title='bbox 495 989 574 1008; x_wconf 83' lang='lat' dir='ltr'>Ductori</span> <span class='ocrx_word' id='word_1_185' title='bbox 594 989 671 1012; x_wconf 77' lang='lat' dir='ltr'>Alexin,</span> <span class='ocrx_word' id='word_1_186' title='bbox 691 989 833 1008; x_wconf 81' lang='lat' dir='ltr'>Archidiacono</span> <span class='ocrx_word' id='word_1_187' title='bbox 853 989 991 1013; x_wconf 84' lang='lat' dir='ltr'>Crusviciensi,</span> <span class='ocrx_word' id='word_1_188' title='bbox 1012 990 1114 1015; x_wconf 83' lang='lat' dir='ltr'>eidemque</span> 
     </span>
     <span class='ocr_line' id='line_1_22' title="bbox 178 1020 1114 1046; baseline -0.001 -5"><span class='ocrx_word' id='word_1_189' title='bbox 178 1022 242 1041; x_wconf 82' lang='lat' dir='ltr'>:radat</span> <span class='ocrx_word' id='word_1_190' title='bbox 257 1021 338 1046; x_wconf 81' lang='lat' dir='ltr'>Regesta</span> <span class='ocrx_word' id='word_1_191' title='bbox 354 1027 381 1043; x_wconf 81' lang='lat' dir='ltr'>ea,</span> <span class='ocrx_word' id='word_1_192' title='bbox 396 1027 445 1046; x_wconf 88' lang='lat' dir='ltr'>quae</span> <span class='ocrx_word' id='word_1_193' title='bbox 460 1020 504 1039; x_wconf 88' lang='lat' dir='ltr'>huic</span> <span class='ocrx_word' id='word_1_194' title='bbox 519 1020 594 1039; x_wconf 86' lang='lat' dir='ltr'>muneri</span> <span class='ocrx_word' id='word_1_195' title='bbox 608 1020 697 1039; x_wconf 82' lang='lat' dir='ltr'>videntur</span> <span class='ocrx_word' id='word_1_196' title='bbox 711 1021 808 1039; x_wconf 83' lang='lat' dir='ltr'>inservire.</span> <span class='ocrx_word' id='word_1_197' title='bbox 823 1021 859 1039; x_wconf 82' lang='lat' dir='ltr'>Hic</span> <span class='ocrx_word' id='word_1_198' title='bbox 871 1021 899 1039; x_wconf 83' lang='lat' dir='ltr'>vir</span> <span class='ocrx_word' id='word_1_199' title='bbox 914 1021 965 1039; x_wconf 89' lang='lat' dir='ltr'>enim</span> <span class='ocrx_word' id='word_1_200' title='bbox 980 1025 1114 1046; x_wconf 76' lang='lat' dir='ltr'>praeterquam</span> 
     </span>
     <span class='ocr_line' id='line_1_23' title="bbox 178 1051 1114 1078; baseline 0 -7"><span class='ocrx_word' id='word_1_201' title='bbox 178 1053 234 1078; x_wconf 58' lang='lat' dir='ltr'>quod</span> <span class='ocrx_word' id='word_1_202' title='bbox 250 1052 313 1071; x_wconf 85' lang='lat' dir='ltr'>curiae</span> <span class='ocrx_word' id='word_1_203' title='bbox 327 1057 404 1071; x_wconf 84' lang='lat' dir='ltr'>nostrae</span> <span class='ocrx_word' id='word_1_204' title='bbox 419 1052 501 1071; x_wconf 84' lang='lat' dir='ltr'>Auditor</span> <span class='ocrx_word' id='word_1_205' title='bbox 515 1056 533 1070; x_wconf 87' lang='lat' dir='ltr'>et</span> <span class='ocrx_word' id='word_1_206' title='bbox 548 1051 645 1070; x_wconf 83' lang='lat' dir='ltr'>familiaris</span> <span class='ocrx_word' id='word_1_207' title='bbox 659 1056 725 1070; x_wconf 86' lang='lat' dir='ltr'>noster</span> <span class='ocrx_word' id='word_1_208' title='bbox 740 1056 776 1074; x_wconf 88' lang='lat' dir='ltr'>est,</span> <span class='ocrx_word' id='word_1_209' title='bbox 791 1056 818 1071; x_wconf 85' lang='lat' dir='ltr'>est</span> <span class='ocrx_word' id='word_1_210' title='bbox 833 1052 889 1070; x_wconf 87' lang='lat' dir='ltr'>etiam</span> <span class='ocrx_word' id='word_1_211' title='bbox 904 1052 923 1070; x_wconf 87' lang='lat' dir='ltr'>in</span> <span class='ocrx_word' id='word_1_212' title='bbox 938 1052 967 1071; x_wconf 82' lang='lat' dir='ltr'>his</span> <span class='ocrx_word' id='word_1_213' title='bbox 982 1053 1039 1071; x_wconf 89' lang='lat' dir='ltr'>rebus</span> <span class='ocrx_word' id='word_1_214' title='bbox 1058 1057 1114 1077; x_wconf 81' lang='lat' dir='ltr'>atque</span> 
     </span>
     <span class='ocr_line' id='line_1_24' title="bbox 178 1083 1114 1109; baseline -0.001 -6"><span class='ocrx_word' id='word_1_215' title='bbox 178 1084 263 1109; x_wconf 61' lang='lat' dir='ltr'>&amp;negotiis</span> <span class='ocrx_word' id='word_1_216' title='bbox 282 1083 366 1102; x_wconf 88' lang='lat' dir='ltr'>multum</span> <span class='ocrx_word' id='word_1_217' title='bbox 380 1087 398 1102; x_wconf 91' lang='lat' dir='ltr'>et</span> <span class='ocrx_word' id='word_1_218' title='bbox 413 1084 460 1101; x_wconf 83' lang='lat' dir='ltr'>bene</span> <span class='ocrx_word' id='word_1_219' title='bbox 474 1087 566 1106; x_wconf 72' lang='lat' dir='ltr'>versatus,</span> <span class='ocrx_word' id='word_1_220' title='bbox 586 1089 631 1101; x_wconf 82' lang='lat' dir='ltr'>nam</span> <span class='ocrx_word' id='word_1_221' title='bbox 646 1083 765 1107; x_wconf 78' lang='lat' dir='ltr'>temporibus</span> <span class='ocrx_word' id='word_1_222' title='bbox 782 1083 856 1107; x_wconf 82' lang='lat' dir='ltr'>aliquot</span> <span class='ocrx_word' id='word_1_223' title='bbox 875 1089 1019 1107; x_wconf 79' lang='lat' dir='ltr'>praecessorum</span> <span class='ocrx_word' id='word_1_224' title='bbox 1039 1087 1114 1102; x_wconf 88' lang='lat' dir='ltr'>nos&#39;tro-</span> 
     </span>
     <span class='ocr_line' id='line_1_25' title="bbox 178 1114 1115 1139; baseline 0 -5"><span class='ocrx_word' id='word_1_225' title='bbox 178 1122 222 1134; x_wconf 90' lang='lat' dir='ltr'>rum</span> <span class='ocrx_word' id='word_1_226' title='bbox 238 1115 284 1134; x_wconf 83' lang='lat' dir='ltr'>huic</span> <span class='ocrx_word' id='word_1_227' title='bbox 298 1115 373 1133; x_wconf 88' lang='lat' dir='ltr'>muneri</span> <span class='ocrx_word' id='word_1_228' title='bbox 388 1114 476 1139; x_wconf 72' lang='lat' dir='ltr'>praefuit,</span> <span class='ocrx_word' id='word_1_229' title='bbox 491 1118 509 1133; x_wconf 84' lang='lat' dir='ltr'>et</span> <span class='ocrx_word' id='word_1_230' title='bbox 523 1114 636 1138; x_wconf 81' lang='lat' dir='ltr'>praefuisset</span> <span class='ocrx_word' id='word_1_231' title='bbox 650 1114 750 1137; x_wconf 82' lang='lat' dir='ltr'>hactenus,</span> <span class='ocrx_word' id='word_1_232' title='bbox 765 1114 780 1133; x_wconf 90' lang='lat' dir='ltr'>si</span> <span class='ocrx_word' id='word_1_233' title='bbox 795 1114 843 1132; x_wconf 83' lang='lat' dir='ltr'>ratio</span> <span class='ocrx_word' id='word_1_234' title='bbox 857 1114 970 1133; x_wconf 87' lang='lat' dir='ltr'>valetudinis</span> <span class='ocrx_word' id='word_1_235' title='bbox 984 1115 1043 1139; x_wconf 85' lang='lat' dir='ltr'>ipsius</span> <span class='ocrx_word' id='word_1_236' title='bbox 1061 1117 1115 1139; x_wconf 78' lang='lat' dir='ltr'>passa</span> 
     </span>
     <span class='ocr_line' id='line_1_26' title="bbox 178 1145 1115 1171; baseline 0 -6"><span class='ocrx_word' id='word_1_237' title='bbox 178 1147 254 1165; x_wconf 69' lang='lat' dir='ltr'>fuisset.</span> <span class='ocrx_word' id='word_1_238' title='bbox 270 1146 296 1165; x_wconf 85' lang='lat' dir='ltr'>Ut</span> <span class='ocrx_word' id='word_1_239' title='bbox 310 1150 373 1165; x_wconf 80' lang='lat' dir='ltr'>autern</span> <span class='ocrx_word' id='word_1_240' title='bbox 389 1146 411 1164; x_wconf 93' lang='lat' dir='ltr'>V.</span> <span class='ocrx_word' id='word_1_241' title='bbox 426 1145 469 1164; x_wconf 84' lang='lat' dir='ltr'>Ftas</span> <span class='ocrx_word' id='word_1_242' title='bbox 484 1145 583 1170; x_wconf 78' lang='lat' dir='ltr'>intelligat,</span> <span class='ocrx_word' id='word_1_243' title='bbox 598 1151 656 1170; x_wconf 85' lang='lat' dir='ltr'>quarn</span> <span class='ocrx_word' id='word_1_244' title='bbox 671 1145 721 1164; x_wconf 87' lang='lat' dir='ltr'>serio</span> <span class='ocrx_word' id='word_1_245' title='bbox 736 1145 755 1164; x_wconf 88' lang='lat' dir='ltr'>id</span> <span class='ocrx_word' id='word_1_246' title='bbox 769 1145 855 1168; x_wconf 75' lang='lat' dir='ltr'>velimus,</span> <span class='ocrx_word' id='word_1_247' title='bbox 870 1145 917 1163; x_wconf 92' lang='lat' dir='ltr'>illud</span> <span class='ocrx_word' id='word_1_248' title='bbox 931 1145 983 1168; x_wconf 83' lang='lat' dir='ltr'>sciat,</span> <span class='ocrx_word' id='word_1_249' title='bbox 997 1152 1039 1169; x_wconf 84' lang='lat' dir='ltr'>nos,</span> <span class='ocrx_word' id='word_1_250' title='bbox 1054 1146 1069 1164; x_wconf 90' lang='lat' dir='ltr'>si</span> <span class='ocrx_word' id='word_1_251' title='bbox 1081 1149 1115 1171; x_wconf 88' lang='lat' dir='ltr'>pe&#39;r</span> 
     </span>
     <span class='ocr_line' id='line_1_27' title="bbox 178 1176 1115 1203; baseline -0.001 -7"><span class='ocrx_word' id='word_1_252' title='bbox 178 1184 293 1203; x_wconf 75' lang='lat' dir='ltr'>quenquam</span> <span class='ocrx_word' id='word_1_253' title='bbox 314 1178 371 1195; x_wconf 80' lang='lat' dir='ltr'>alium</span> <span class='ocrx_word' id='word_1_254' title='bbox 387 1181 419 1195; x_wconf 82' lang='lat' dir='ltr'>aut</span> <span class='ocrx_word' id='word_1_255' title='bbox 434 1176 535 1195; x_wconf 82' lang='lat' dir='ltr'>examinati</span> <span class='ocrx_word' id='word_1_256' title='bbox 555 1177 593 1201; x_wconf 79' lang='lat' dir='ltr'>jam</span> <span class='ocrx_word' id='word_1_257' title='bbox 607 1176 653 1199; x_wconf 80' lang='lat' dir='ltr'>sint,</span> <span class='ocrx_word' id='word_1_258' title='bbox 672 1180 705 1195; x_wconf 90' lang='lat' dir='ltr'>aut</span> <span class='ocrx_word' id='word_1_259' title='bbox 719 1177 808 1201; x_wconf 84' lang='lat' dir='ltr'>deinceps</span> <span class='ocrx_word' id='word_1_260' title='bbox 822 1176 881 1201; x_wconf 81' lang='lat' dir='ltr'>aliqui</span> <span class='ocrx_word' id='word_1_261' title='bbox 900 1176 979 1200; x_wconf 83' lang='lat' dir='ltr'>fuerint,</span> <span class='ocrx_word' id='word_1_262' title='bbox 998 1180 1061 1195; x_wconf 84' lang='lat' dir='ltr'>ratum</span> <span class='ocrx_word' id='word_1_263' title='bbox 1075 1183 1115 1196; x_wconf 89' lang='lat' dir='ltr'>non</span> 
     </span>
     <span class='ocr_line' id='line_1_28' title="bbox 178 1207 1115 1233; baseline 0 -6"><span class='ocrx_word' id='word_1_264' title='bbox 178 1215 221 1227; x_wconf 74' lang='lat' dir='ltr'>:sse</span> <span class='ocrx_word' id='word_1_265' title='bbox 242 1208 354 1231; x_wconf 74' lang='lat' dir='ltr'>habituros,</span> <span class='ocrx_word' id='word_1_266' title='bbox 377 1208 411 1226; x_wconf 91' lang='lat' dir='ltr'>nisi</span> <span class='ocrx_word' id='word_1_267' title='bbox 432 1208 501 1226; x_wconf 87' lang='lat' dir='ltr'>iterum</span> <span class='ocrx_word' id='word_1_268' title='bbox 522 1207 577 1232; x_wconf 84' lang='lat' dir='ltr'>hujus</span> <span class='ocrx_word' id='word_1_269' title='bbox 596 1208 650 1226; x_wconf 89' lang='lat' dir='ltr'>istius</span> <span class='ocrx_word' id='word_1_270' title='bbox 673 1207 761 1226; x_wconf 87' lang='lat' dir='ltr'>Doctoris</span> <span class='ocrx_word' id='word_1_271' title='bbox 780 1208 842 1226; x_wconf 76' lang='lat' dir='ltr'>Alexii</span> <span class='ocrx_word' id='word_1_272' title='bbox 862 1207 934 1233; x_wconf 85' lang='lat' dir='ltr'>judicio</span> <span class='ocrx_word' id='word_1_273' title='bbox 954 1211 1011 1232; x_wconf 84' lang='lat' dir='ltr'>atque</span> <span class='ocrx_word' id='word_1_274' title='bbox 1033 1208 1115 1227; x_wconf 79' lang='lat' dir='ltr'>examini</span> 
     </span>
     <span class='ocr_line' id='line_1_29' title="bbox 178 1238 836 1264; baseline -0.003 -5"><span class='ocrx_word' id='word_1_275' title='bbox 178 1239 314 1264; x_wconf 76' lang='lat' dir='ltr'>subjiciantur.</span> <span class='ocrx_word' id='word_1_276' title='bbox 329 1239 351 1258; x_wconf 94' lang='lat' dir='ltr'>V.</span> <span class='ocrx_word' id='word_1_277' title='bbox 366 1239 410 1257; x_wconf 83' lang='lat' dir='ltr'>Ftas</span> <span class='ocrx_word' id='word_1_278' title='bbox 425 1239 474 1257; x_wconf 88' lang='lat' dir='ltr'>bene</span> <span class='ocrx_word' id='word_1_279' title='bbox 488 1239 553 1257; x_wconf 71' lang='lat' dir='ltr'>valeat.</span> <span class='ocrx_word' id='word_1_280' title='bbox 569 1239 693 1261; x_wconf 79' lang='lat' dir='ltr'>Petricoviae,</span> <span class='ocrx_word' id='word_1_281' title='bbox 708 1238 750 1257; x_wconf 94' lang='lat' dir='ltr'>Vlll</span> <span class='ocrx_word' id='word_1_282' title='bbox 766 1238 836 1257; x_wconf 83' lang='lat' dir='ltr'>Martii.</span> 
     </span>
    </p>
   </div>
   <div class='ocr_carea' id='block_1_8' title="bbox 206 1317 1015 1372">
    <p class='ocr_par' dir='ltr' id='par_1_14' title="bbox 206 1317 1015 1372">
     <span class='ocr_line' id='line_1_30' title="bbox 206 1317 1015 1339; baseline -0.001 -2"><span class='ocrx_word' id='word_1_283' title='bbox 206 1317 254 1337; x_wconf 78' lang='lat'>746.</span> <span class='ocrx_word' id='word_1_284' title='bbox 288 1318 417 1337; x_wconf 80' lang='lat' dir='ltr'>Stanislao</span> <span class='ocrx_word' id='word_1_285' title='bbox 431 1318 521 1339; x_wconf 85' lang='lat' dir='ltr'>Borek,</span> <span class='ocrx_word' id='word_1_286' title='bbox 535 1318 639 1337; x_wconf 79' lang='lat' dir='ltr'>Decano</span> <span class='ocrx_word' id='word_1_287' title='bbox 654 1317 824 1339; x_wconf 77' lang='lat' dir='ltr'>cracoviensi.</span> <span class='ocrx_word' id='word_1_288' title='bbox 838 1319 863 1336; x_wconf 79' lang='lat' dir='ltr'>et</span> <span class='ocrx_word' id='word_1_289' title='bbox 876 1317 1015 1337; x_wconf 82' lang='lat' dir='ltr'>Canonicis</span> 
     </span>
     <span class='ocr_line' id='line_1_31' title="bbox 491 1349 809 1372; baseline -0.003 -4"><span class='ocrx_word' id='word_1_290' title='bbox 491 1349 654 1372; x_wconf 76' lang='lat' dir='ltr'>quibusdam</span> <span class='ocrx_word' id='word_1_291' title='bbox 669 1349 809 1372; x_wconf 68' lang='lat' dir='ltr'>sigillatim.</span> 
     </span>
    </p>
   </div>
   <div class='ocr_carea' id='block_1_9' title="bbox 178 1395 1118 1649">
    <p class='ocr_par' dir='ltr' id='par_1_15' title="bbox 789 1395 1116 1418">
     <span class='ocr_line' id='line_1_32' title="bbox 789 1395 1116 1418; baseline 0.003 -5"><span class='ocrx_word' id='word_1_292' title='bbox 789 1395 922 1418; x_wconf 77' lang='lat' dir='ltr'>Petricoviae,</span> <span class='ocrx_word' id='word_1_293' title='bbox 936 1396 962 1414; x_wconf 83' lang='lat'>10</span> <span class='ocrx_word' id='word_1_294' title='bbox 976 1395 1045 1414; x_wconf 74' lang='lat' dir='ltr'>Martii</span> <span class='ocrx_word' id='word_1_295' title='bbox 1059 1396 1116 1415; x_wconf 82' lang='lat'>1552.</span> 
     </span>
    </p>

    <p class='ocr_par' dir='ltr' id='par_1_16' title="bbox 178 1431 1118 1649">
     <span class='ocr_line' id='line_1_33' title="bbox 246 1431 1116 1457; baseline -0.001 -6"><span class='ocrx_word' id='word_1_296' title='bbox 246 1433 357 1457; x_wconf 88' lang='lat' dir='ltr'>Erumpunt</span> <span class='ocrx_word' id='word_1_297' title='bbox 371 1433 400 1451; x_wconf 82' lang='lat' dir='ltr'>hic</span> <span class='ocrx_word' id='word_1_298' title='bbox 415 1433 434 1451; x_wconf 96' lang='lat' dir='ltr'>in</span> <span class='ocrx_word' id='word_1_299' title='bbox 449 1433 489 1451; x_wconf 83' lang='lat' dir='ltr'>dies</span> <span class='ocrx_word' id='word_1_300' title='bbox 507 1438 595 1451; x_wconf 87' lang='lat' dir='ltr'>rumores</span> <span class='ocrx_word' id='word_1_301' title='bbox 609 1432 632 1450; x_wconf 83' lang='lat' dir='ltr'>dc</span> <span class='ocrx_word' id='word_1_302' title='bbox 647 1431 777 1450; x_wconf 81' lang='lat' dir='ltr'>infirmissima</span> <span class='ocrx_word' id='word_1_303' title='bbox 795 1431 904 1450; x_wconf 80' lang='lat' dir='ltr'>valetudine</span> <span class='ocrx_word' id='word_1_304' title='bbox 918 1431 1037 1450; x_wconf 84' lang='lat' dir='ltr'>Venerabilis</span> <span class='ocrx_word' id='word_1_305' title='bbox 1054 1431 1116 1450; x_wconf 85' lang='lat' dir='ltr'>fratris</span> 
     </span>
     <span class='ocr_line' id='line_1_34' title="bbox 178 1462 1117 1488; baseline -0.002 -4"><span class='ocrx_word' id='word_1_306' title='bbox 178 1465 250 1487; x_wconf 71' lang='lat' dir='ltr'>nostri,</span> <span class='ocrx_word' id='word_1_307' title='bbox 265 1464 303 1482; x_wconf 90' lang='lat' dir='ltr'>Dni</span> <span class='ocrx_word' id='word_1_308' title='bbox 318 1464 400 1482; x_wconf 83' lang='lat' dir='ltr'>Mathiae</span> <span class='ocrx_word' id='word_1_309' title='bbox 414 1463 511 1486; x_wconf 68' lang='lat' dir='ltr'>Zielinski,</span> <span class='ocrx_word' id='word_1_310' title='bbox 526 1462 658 1481; x_wconf 83' lang='lat' dir='ltr'>Cracoviensis</span> <span class='ocrx_word' id='word_1_311' title='bbox 673 1462 774 1486; x_wconf 76' lang='lat' dir='ltr'>Canonici,</span> <span class='ocrx_word' id='word_1_312' title='bbox 789 1463 822 1488; x_wconf 89' lang='lat' dir='ltr'>qui</span> <span class='ocrx_word' id='word_1_313' title='bbox 837 1463 861 1481; x_wconf 87' lang='lat' dir='ltr'>ita</span> <span class='ocrx_word' id='word_1_314' title='bbox 876 1469 898 1481; x_wconf 82' lang='lat' dir='ltr'>ex</span> <span class='ocrx_word' id='word_1_315' title='bbox 914 1463 1013 1482; x_wconf 84' lang='lat' dir='ltr'>doloribus</span> <span class='ocrx_word' id='word_1_316' title='bbox 1030 1463 1117 1482; x_wconf 86' lang='lat' dir='ltr'>laborare</span> 
     </span>
     <span class='ocr_line' id='line_1_35' title="bbox 178 1494 1116 1519; baseline -0.003 -4"><span class='ocrx_word' id='word_1_317' title='bbox 178 1497 260 1519; x_wconf 67' lang='lat' dir='ltr'>dicitur,</span> <span class='ocrx_word' id='word_1_318' title='bbox 275 1499 297 1513; x_wconf 89' lang='lat' dir='ltr'>ut</span> <span class='ocrx_word' id='word_1_319' title='bbox 308 1501 357 1519; x_wconf 87' lang='lat' dir='ltr'>pene</span> <span class='ocrx_word' id='word_1_320' title='bbox 371 1501 426 1519; x_wconf 75' lang='lat' dir='ltr'>agere</span> <span class='ocrx_word' id='word_1_321' title='bbox 440 1495 524 1513; x_wconf 81' lang='lat' dir='ltr'>animam</span> <span class='ocrx_word' id='word_1_322' title='bbox 536 1494 627 1513; x_wconf 87' lang='lat' dir='ltr'>videatur.</span> <span class='ocrx_word' id='word_1_323' title='bbox 643 1494 682 1512; x_wconf 84' lang='lat' dir='ltr'>Etsi</span> <span class='ocrx_word' id='word_1_324' title='bbox 695 1498 759 1512; x_wconf 87' lang='lat' dir='ltr'>autem</span> <span class='ocrx_word' id='word_1_325' title='bbox 771 1494 797 1513; x_wconf 83' lang='lat' dir='ltr'>ita</span> <span class='ocrx_word' id='word_1_326' title='bbox 808 1494 894 1519; x_wconf 82' lang='lat' dir='ltr'>singulos</span> <span class='ocrx_word' id='word_1_327' title='bbox 907 1494 946 1513; x_wconf 93' lang='lat' dir='ltr'>VV.</span> <span class='ocrx_word' id='word_1_328' title='bbox 958 1494 1034 1513; x_wconf 84' lang='lat' dir='ltr'>Ftatum</span> <span class='ocrx_word' id='word_1_329' title='bbox 1046 1500 1116 1518; x_wconf 76' lang='lat' dir='ltr'>amem,</span> 
     </span>
     <span class='ocr_line' id='line_1_36' title="bbox 178 1520 1117 1551; baseline -0.003 -4"><span class='ocrx_word' id='word_1_330' title='bbox 178 1533 197 1548; x_wconf 68' lang='lat' dir='ltr'>:t</span> <span class='ocrx_word' id='word_1_331' title='bbox 213 1534 250 1546; x_wconf 81' lang='lat' dir='ltr'>eos</span> <span class='ocrx_word' id='word_1_332' title='bbox 265 1533 324 1551; x_wconf 83' lang='lat' dir='ltr'>quam</span> <span class='ocrx_word' id='word_1_333' title='bbox 339 1526 445 1545; x_wconf 85' lang='lat' dir='ltr'>diutissime</span> <span class='ocrx_word' id='word_1_334' title='bbox 463 1532 539 1544; x_wconf 87' lang='lat' dir='ltr'>mecum</span> <span class='ocrx_word' id='word_1_335' title='bbox 554 1532 594 1544; x_wconf 88' lang='lat' dir='ltr'>esse</span> <span class='ocrx_word' id='word_1_336' title='bbox 608 1525 792 1550; x_wconf 79' lang='lat' dir='ltr'>cupiam,-huicque</span> <span class='ocrx_word' id='word_1_337' title='bbox 809 1525 839 1544; x_wconf 89' lang='lat' dir='ltr'>isti</span> <span class='ocrx_word' id='word_1_338' title='bbox 854 1525 898 1544; x_wconf 89' lang='lat' dir='ltr'>Dno</span> <span class='ocrx_word' id='word_1_339' title='bbox 913 1525 1003 1544; x_wconf 85' lang='lat' dir='ltr'>Zielinski</span> <span class='ocrx_word' id='word_1_340' title='bbox 1017 1520 1117 1550; x_wconf 49' lang='lat' dir='ltr'>ad¹pristi-</span> 
     </span>
     <span class='ocr_line' id='line_1_37' title="bbox 178 1557 1118 1582; baseline -0.004 -3"><span class='ocrx_word' id='word_1_341' title='bbox 178 1566 212 1579; x_wconf 63' lang='lat' dir='ltr'>aas</span> <span class='ocrx_word' id='word_1_342' title='bbox 235 1559 287 1577; x_wconf 85' lang='lat' dir='ltr'>vires</span> <span class='ocrx_word' id='word_1_343' title='bbox 307 1558 422 1576; x_wconf 88' lang='lat' dir='ltr'>reditionem</span> <span class='ocrx_word' id='word_1_344' title='bbox 444 1557 539 1582; x_wconf 84' lang='lat' dir='ltr'>imprimis</span> <span class='ocrx_word' id='word_1_345' title='bbox 561 1561 636 1581; x_wconf 80' lang='lat' dir='ltr'>optem:</span> <span class='ocrx_word' id='word_1_346' title='bbox 658 1557 673 1575; x_wconf 82' lang='lat' dir='ltr'>si</span> <span class='ocrx_word' id='word_1_347' title='bbox 691 1557 737 1581; x_wconf 90' lang='lat' dir='ltr'>quid</span> <span class='ocrx_word' id='word_1_348' title='bbox 756 1557 783 1575; x_wconf 93' lang='lat' dir='ltr'>illi</span> <span class='ocrx_word' id='word_1_349' title='bbox 801 1561 865 1575; x_wconf 86' lang='lat' dir='ltr'>tamen</span> <span class='ocrx_word' id='word_1_350' title='bbox 887 1557 998 1575; x_wconf 87' lang='lat' dir='ltr'>humanitus</span> <span class='ocrx_word' id='word_1_351' title='bbox 1020 1557 1118 1580; x_wconf 82' lang='lat' dir='ltr'>acciderit,</span> 
     </span>
     <span class='ocr_line' id='line_1_38' title="bbox 178 1588 1118 1613; baseline -0.003 -3"><span class='ocrx_word' id='word_1_352' title='bbox 178 1598 182 1612; x_wconf 76' lang='grc' dir='ltr'>ι</span> <span class='ocrx_word' id='word_1_353' title='bbox 199 1591 263 1610; x_wconf 72' lang='lat' dir='ltr'>Frate</span> <span class='ocrx_word' id='word_1_354' title='bbox 277 1589 300 1608; x_wconf 92' lang='lat' dir='ltr'>V.</span> <span class='ocrx_word' id='word_1_355' title='bbox 316 1589 372 1608; x_wconf 80' lang='lat' dir='ltr'>etiam</span> <span class='ocrx_word' id='word_1_356' title='bbox 387 1593 444 1613; x_wconf 78' lang='lat' dir='ltr'>atque</span> <span class='ocrx_word' id='word_1_357' title='bbox 459 1589 516 1607; x_wconf 82' lang='lat' dir='ltr'>etiarn</span> <span class='ocrx_word' id='word_1_358' title='bbox 530 1592 587 1613; x_wconf 82' lang='lat' dir='ltr'>peto,</span> <span class='ocrx_word' id='word_1_359' title='bbox 601 1588 634 1607; x_wconf 88' lang='lat' dir='ltr'>sed</span> <span class='ocrx_word' id='word_1_360' title='bbox 648 1588 682 1611; x_wconf 78' lang='lat' dir='ltr'>ita,</span> <span class='ocrx_word' id='word_1_361' title='bbox 697 1594 720 1606; x_wconf 91' lang='lat' dir='ltr'>ne</span> <span class='ocrx_word' id='word_1_362' title='bbox 735 1588 782 1612; x_wconf 92' lang='lat' dir='ltr'>quid</span> <span class='ocrx_word' id='word_1_363' title='bbox 796 1588 892 1613; x_wconf 81' lang='lat' dir='ltr'>postulata</span> <span class='ocrx_word' id='word_1_364' title='bbox 907 1594 949 1607; x_wconf 83' lang='lat' dir='ltr'>mea</span> <span class='ocrx_word' id='word_1_365' title='bbox 963 1594 1031 1607; x_wconf 86' lang='lat' dir='ltr'>causae</span> <span class='ocrx_word' id='word_1_366' title='bbox 1048 1588 1086 1613; x_wconf 82' lang='lat' dir='ltr'>ipsi</span> <span class='ocrx_word' id='word_1_367' title='bbox 1099 1592 1118 1607; x_wconf 87' lang='lat' dir='ltr'>et</span> 
     </span>
     <span class='ocr_line' id='line_1_39' title="bbox 178 1619 1118 1649; baseline -0.004 -7"><span class='ocrx_word' id='word_1_368' title='bbox 178 1621 272 1649; x_wconf 69' lang='lat' dir='ltr'>{igi-nitati</span> <span class='ocrx_word' id='word_1_369' title='bbox 293 1625 350 1646; x_wconf 82' lang='lat' dir='ltr'>atque</span> <span class='ocrx_word' id='word_1_370' title='bbox 369 1620 452 1645; x_wconf 78' lang='lat' dir='ltr'>gratiae,</span> <span class='ocrx_word' id='word_1_371' title='bbox 472 1626 510 1645; x_wconf 79' lang='lat' dir='ltr'>qua</span> <span class='ocrx_word' id='word_1_372' title='bbox 529 1619 579 1644; x_wconf 84' lang='lat' dir='ltr'>apud</span> <span class='ocrx_word' id='word_1_373' title='bbox 598 1619 639 1638; x_wconf 93' lang='lat' dir='ltr'>VV.</span> <span class='ocrx_word' id='word_1_374' title='bbox 654 1619 717 1638; x_wconf 86' lang='lat' dir='ltr'>Ftates</span> <span class='ocrx_word' id='word_1_375' title='bbox 737 1623 765 1638; x_wconf 88' lang='lat' dir='ltr'>est</span> <span class='ocrx_word' id='word_1_376' title='bbox 783 1619 837 1638; x_wconf 82' lang='lat' dir='ltr'>Dnus</span> <span class='ocrx_word' id='word_1_377' title='bbox 858 1619 953 1644; x_wconf 82' lang='lat' dir='ltr'>Georgius</span> <span class='ocrx_word' id='word_1_378' title='bbox 973 1619 1118 1643; x_wconf 76' lang='lat' dir='ltr'>Pofflodowski,</span> 
     </span>
    </p>
   </div>
   <div class='ocr_carea' id='block_1_10' title="bbox 178 1673 373 1681">
    <p class='ocr_par' dir='ltr' id='par_1_17' title="bbox 178 1673 373 1681">
     <span class='ocr_line' id='line_1_40' title="bbox 178 1673 373 1681; baseline 0 412"><span class='ocrx_word' id='word_1_379' title='bbox 178 1673 373 1681; x_wconf 95' lang='lat' dir='ltr'> </span> 
     </span>
    </p>
   </div>
   <div class='ocr_carea' id='block_1_11' title="bbox 208 1704 1022 1756">
    <p class='ocr_par' dir='ltr' id='par_1_18' title="bbox 208 1704 1022 1756">
     <span class='ocr_line' id='line_1_41' title="bbox 208 1704 371 1720; baseline -0.006 0"><span class='ocrx_word' id='word_1_380' title='bbox 208 1708 216 1719; x_wconf 87' lang='lat'><strong>¹</strong></span> <span class='ocrx_word' id='word_1_381' title='bbox 241 1712 266 1720; x_wconf 61' lang='grc' dir='ltr'>ε</span> <span class='ocrx_word' id='word_1_382' title='bbox 278 1705 295 1720; x_wconf 83' lang='lat' dir='ltr'>in</span> <span class='ocrx_word' id='word_1_383' title='bbox 306 1704 371 1720; x_wconf 80' lang='lat' dir='ltr'>circulo.</span> 
     </span>
     <span class='ocr_line' id='line_1_42' title="bbox 240 1730 1022 1756; baseline -0.012 -1"><span class='ocrx_word' id='word_1_384' title='bbox 240 1742 283 1755; x_wconf 68' lang='lat' dir='ltr'>Am</span> <span class='ocrx_word' id='word_1_385' title='bbox 290 1741 356 1754; x_wconf 59' lang='lat' dir='ltr'>aalma·</span> <span class='ocrx_word' id='word_1_386' title='bbox 363 1740 431 1756; x_wconf 69' lang='grc' dir='ltr'><strong>υιιοι-ιω,</strong></span> <span class='ocrx_word' id='word_1_387' title='bbox 440 1741 484 1753; x_wconf 66' lang='lat' dir='ltr'>mnu·</span> <span class='ocrx_word' id='word_1_388' title='bbox 492 1739 503 1752; x_wconf 79' lang='grc' dir='ltr'>ι.</span> <span class='ocrx_word' id='word_1_389' title='bbox 998 1730 1022 1748; x_wconf 73' lang='grc' dir='ltr'>5ο</span> 
     </span>
    </p>
   </div>
  </div>
 </body>
</html>
