1465 2093
269 206 281 224 4
286 206 291 219 ι
296 200 306 219 8
637 202 655 217 Α.
670 201 832 217 zennzimowsxx.

269 257 301 281 qui
316 256 387 279 dicunt,
402 262 424 274 ex
437 256 505 274 ordine
519 259 585 274 nostro
600 261 674 278 omnes,
689 255 721 279 qui
735 255 810 273 suntin
826 254 938 279 Republica,
952 254 1070 279 injuriarum
1084 253 1138 273 fontes
1146 260 1171 279 pro»

269 294 351 306 manare.
367 286 451 305 Confido
466 291 536 309 autem,
551 287 573 305 V.
589 286 616 305 lll.
631 286 704 309 Mtiam,
720 292 757 310 qua
772 290 799 304 est
814 290 831 304 et
843 285 863 304 in
875 291 905 304 me
919 285 980 310 gratia
995 289 1015 304 et
1025 286 1090 304 studio
1103 286 1120 304 in
1131 286 1170 310 nequi-

268 323 337 342 tatem,
357 318 402 337 huic
416 324 460 336 meo
475 318 537 336 dolori
552 318 621 336 acerbo
641 317 735 341 imprimis
755 321 812 341 atque
832 317 882 341 justo
897 317 921 336 ita
936 323 977 335 esse
994 317 1129 340 consulturam,
1139 321 1169 336 utet

269 350 315 375 quid
335 355 386 368 nunc
407 355 437 367 me
457 349 517 367 facere
537 352 625 373 oporteat
639 348 662 366 de
677 348 737 373 ipsius
756 348 850 366 sententia
869 348 987 372 intelligam,
1011 352 1031 366 et
1050 348 1127 367 favorem
1142 348 1167 367 mili

268 385 326 405 atque
339 380 470 405 patrocinium·
479 379 545 404 ipsius,
560 385 620 404 quum
635 385 685 403 opus
699 379 740 402 crit,
753 379 776 397 ad
789 385 831 397 eam
843 385 883 397 rem
896 384 935 397 non
947 378 1060 397 defuturum
1072 379 1166 403 persuadent,

269 412 327 436 idque
341 412 365 430 ab
380 411 410 430 illa
425 411 547 429 vehementer
561 411 616 429 etiam
631 415 688 435 atque
702 410 759 429 etiam
774 414 819 434 peto
835 414 852 428 ct
864 416 942 434 quaeso,
957 416 1017 435 quam
1032 410 1081 429 bene
1093 411 1165 429 valerem-

269 443 308 468 pio.
324 442 395 461 Datum
410 442 468 460 xvnl
484 441 608 466 Septembris,
623 447 644 460 ex
659 441 761 466 Bozqciuo.

296 515 340 535 787.
506 515 647 538 Equitibus
661 515 690 534 in
704 515 808 534 Ducatu
822 515 973 534 Severiensi.

850 561 958 586 Bodqgeim',
974 562 1000 579 1⁹
1014 561 1123 586 Septembris
1133 560 1164 579 15⁵2

331 598 385 617 Alter
405 597 435 616 hic
449 598 487 622 jum
501 604 563 616 annus
582 598 654 622 agitur,
675 602 801 623 posteaquam
820 598 839 616 iu
854 598 973 623 Episcopum
994 597 1131 616 Cracoviensem
1142 597 1165 615 Du

270 629 329 654 gratia
344 628 450 647 renunciati
464 635 541 652 sumus,
558 629 615 647 simul
629 633 693 648 autem
708 630 737 654 jus
752 635 832 654 quoque
846 629 932 648 Ducatus
946 629 1001 648 istius
1015 629 1107 648 consecuti
1122 633 1165 647 summ·

270 661 316 683 Quo
328 660 348 679 in
361 660 435 678 Ducatu
450 660 512 678 sciunt
524 660 632 679 Fidelitates
644 661 692 684 VV4,
704 661 751 679 illud
763 661 804 685 jure
818 665 876 685 atque
891 666 945 679 more
959 661 1065 683 observari,
1075 664 1094 679 ut
1103 660 1166 685 Episoopfl

270 691 400 714 Cracoviensi,
415 691 448 716 qui
462 691 514 709 idem
529 691 572 710 Dux
587 695 615 710 est
629 691 752 715 Severiensis,
766 692 867 715 tributum,
882 691 934 716 quod
950 691 1039 716 Rogowe
1052 695 1120 714 vocant,
1129 690 1166 709 ιώ

270 723 314 741 ditis
328 722 419 741 omnibus
433 722 549 741 conferatur.
564 722 612 741 Illud
627 723 684 741 etiam
700 723 768 747 procul
783 723 843 741 dubio
858 723 994 746 meminerunt,
1009 722 1120 748 benignitate
1130 724 1166 740 nom

271 754 342 773 factum
357 753 420 776 fuisse,
435 754 540 778 quominus
554 754 648 773 tributum
662 754 681 773 id
696 760 748 773 anno
763 754 868 779 superiore,
883 754 916 778 qui
930 753 967 772 fuit
980 754 1093 773 durissimus
1106 757 1121 772 et
1131 757 1166 772 rem

271 785 359 804 omnium
374 785 454 809 penuria
468 785 600 807 intolerabilis,
615 789 702 804 exactum
714 785 780 808 suerin
795 785 933 803 miscrebamur
947 785 999 803 enim
1014 789 1086 804 sortem
1096 784 1167 805 hominum.

271 823 314 835 suas
329 816 414 840 ipsorum
430 816 550 835 necessitates
564 822 620 840 aegre
634 817 736 835 tuentium.
757 817 811 835 Nunc
826 816 918 835 mittimus
933 816 1024 835 Nobilem
1038 816 1089 835 hunc
1104 815 1167 834 Andm

272 847 337 872 chki,
351 846 453 865 Notarium
469 851 563 869 nostrum,
578 847 608 865 cui
623 847 689 869 tributi
704 847 744 871 ejus
765 847 853 871 exigendi
868 847 957 865 dedimus
972 847 1069 866 mandata.
1087 848 1103 865 Α
1114 845 1168 865 Fuit&

271 882 335 897 autem
350 878 391 896 VV.
406 878 535 902 postulamus,
555 881 576 896 ut
590 877 637 896 illud
655 877 736 896 fideliter
755 878 808 896 reddi
829 878 916 902 jubeant,
936 879 1098 902 quemadmodum
1115 876 1173 896 subdiu-

272 910 343 932 deceat,
358 913 379 928 ut
392 909 440 927 sicut
455 915 490 927 nos
504 909 540 927 illis
555 915 606 927 anno
620 909 715 933 superiori
729 909 753 927 de
767 909 807 934 ejus
822 909 926 927 exactionis
940 909 1007 933 vigore
1022 907 1168 929 remisermus,h

274 941 310 965 ipsi
324 941 361 959 hoc
376 944 463 964 tempore
477 939 563 959 officium
577 940 633 958 nobis
647 946 704 959 suum
719 940 834 958 cumulatius
849 944 951 965 praestent.
966 940 991 959 Et
1006 941 1055 959 bene
1069 940 1137 958 valeant.
1148 938 1168 956 Dt-

272 976 313 991 tum
328 972 347 990 in
362 971 466 997 Bozencin,
481 971 523 989 XIX
539 971 658 996 Septembris
672 971 751 989 MDLH.

299 1044 343 1064 788.
489 1045 602 1067 Nicolao,
621 1045 824 1068 Archiepisoopo
839 1045 990 1067 Gnesnensi.

845 1091 878 1110 Ex
891 1092 1004 1116 Stawiany,
1018 1092 1032 1110 2
1047 1091 1128 1111 Octobris
1137 1089 1169 1109 1551-

337 1127 386 1146 Fieri
401 1127 437 1146 sibi
452 1127 552 1152 negotium
567 1128 590 1146 de
605 1127 725 1146 eanonicam
743 1127 865 1147 Cracoviensi
879 1134 890 1146 a
905 1128 928 1146 R.
942 1128 1015 1147 Dtione
1029 1128 1052 1147 V.
1066 1128 1124 1147 scribit
1134 1126 1169 1145 Vn*

275 1159 339 1177 rabilis
353 1159 408 1177 Dnus
422 1158 525 1177 Corczbok
537 1159 549 1182 ¹,
564 1158 681 1177 Gnesnensis
695 1159 790 1182 Decanus,
811 1163 828 1178 et
843 1159 935 1184 quoniam
950 1166 992 1178 mea
1006 1160 1066 1184 gratia
1079 1165 1119 1178 eurn
1133 1157 1169 1176 (ΒΦ

275 1190 359 1208 nicatum
375 1194 404 1208 est
417 1194 538 1212 consecutus,
558 1190 582 1208 ad
597 1196 628 1208 me
646 1196 724 1214 quoque
744 1190 834 1213 recurrit,
854 1195 875 1209 ut
888 1191 942 1215 cujus
960 1191 1092 1209 benevolentia
1104 1190 1124 1208 ad
1134 1189 1170 1207 idn·

276 1220 382 1239 cei-dotium
397 1220 490 1245 pervenit,
505 1221 590 1245 ejusdem
605 1226 683 1245 quoque
703 1221 803 1239 autoritate
818 1225 837 1240 et
851 1222 932 1240 consilio
951 1226 1004 1240 tutus
1019 1222 1038 1240 in
1053 1228 1076 1241 en
1090 1222 1170 1246 permana-

275 1251 318 1276 Ego
332 1252 355 1270 R.
370 1252 412 1270 Dne
427 1258 486 1276 quum
502 1252 538 1270 hoc
552 1252 604 1270 istud
618 1252 745 1271 sacerdotium
760 1252 779 1271 in
795 1259 839 1271 eum
854 1252 969 1276 conferrem,
989 1253 1050 1271 multa
1068 1248 1171 1278 specta-73⁹1

276 1283 323 1301 illud
338 1283 440 1307 imprimis,
455 1283 507 1307 quod
522 1283 606 1301 hominis
620 1289 689 1306 mores,
704 1283 769 1306 vitam,
782 1284 845 1302 studia
860 1288 916 1307 casta,
931 1290 978 1308 pura
993 1289 1012 1302 et
1023 1284 1114 1303 Ecclesiae
1126 1286 1171 1301 accom‘

277 1314 335 1332 moda
350 1314 443 1338 perspexi.
459 1314 498 1332 Nec
512 1314 607 1337 dubitavi,
622 1314 655 1338 qui
669 1314 694 1333 ita
709 1314 791 1338 viveret,
806 1319 826 1333 ut
840 1321 860 1334 se
874 1315 897 1333 ad
912 1315 1008 1334 Ecclesiae
1029 1316 1110 1341 regulam
1122 1317 1170 1337 comp&

277 1349 339 1368 neret,
362 1351 405 1363 eum
426 1351 466 1363 esse
488 1345 632 1369 dignissimum,
654 1351 711 1370 quem
732 1350 750 1364 ct
767 1346 861 1365 Ecclesiae
881 1350 957 1365 nostrae
978 1347 1086 1366 addicerem
1102 1351 1118 1365 et
1130 1342 1178 1369 ungu,

277 1382 345 1395 eorum
365 1382 493 1401 opponerem,
513 1376 546 1401 qui
560 1376 589 1395 his
609 1377 729 1401 temporibus
743 1381 761 1395 et
775 1377 794 1395 in
810 1378 931 1396 sacerdotum
952 1378 1010 1397 vitam
1029 1378 1123 1403 inquirunt
1136 1375 1172 1395 actim

277 1411 295 1426 et
309 1408 335 1426 ob
349 1413 391 1426 eam
406 1407 492 1426 officium
513 1411 600 1425 nostrum
615 1408 764 1432 reprehendunt.
784 1408 832 1427 Illud
847 1415 948 1433 nunquam
963 1409 1005 1428 fore
1027 1409 1100 1434 putavi,
1112 1410 1171 1432 utque!

277 1438 377 1457 hominem
396 1439 416 1457 in
436 1439 520 1457 Ecclesia
539 1438 662 1457 Cracoviensi
680 1445 720 1458 esse
743 1439 762 1458 hi
779 1440 836 1458 etiam
856 1446 897 1458 non
917 1440 1070 1465 reprehendunt,
1091 1440 1120 1465 qui
1134 1436 1172 1458 omni!

277 1470 421 1494 propemodum
436 1473 501 1488 nostra
515 1470 577 1488 solent
591 1470 737 1494 reprehendere,
752 1471 820 1489 devicti
835 1477 911 1490 morum
923 1471 983 1496 ipsius
995 1476 1014 1491 et
1025 1472 1096 1497 ingenii
1108 1469 1172 1490 suavium

278 1506 323 1519 eum
337 1501 383 1519 Dtio
398 1501 420 1519 V.
436 1501 458 1519 R.
473 1501 560 1519 molestia
580 1500 663 1520 afficeret
677 1506 694 1520 et
708 1502 814 1520 sacerdotio
837 1502 945 1527 depelleret.
963 1503 1028 1525 Quam
1043 1509 1083 1522 reru
1095 1503 1109 1522 si
1121 1502 1138 1521 R·
1147 1499 1173 1519 Μ

278 1532 301 1551 V.
316 1532 431 1557 aggreditur,
451 1531 524 1551 confisa
538 1532 560 1551 iis
574 1532 641 1556 literis,
661 1533 731 1557 quibus
750 1533 884 1558 chyrographo
905 1540 948 1552 meo
963 1534 1081 1553 Petricuviae
1099 1529 1174 1556 subscripi

278 1563 388 1582 meminisse
402 1567 474 1588 potest,
489 1569 528 1588 quo
544 1563 610 1582 animo
626 1569 701 1588 quaque
715 1564 812 1582 voluntate
826 1564 863 1583 illis
877 1565 1024 1589 subscriberem,
1039 1572 1098 1591 quum
1110 1563 1174 1583 aliudm

279 1595 403 1619 Reipublicae
417 1599 493 1614 nostrae
506 1595 592 1620 negotia,
607 1601 690 1620 quorum
704 1595 764 1620 gratia
779 1601 941 1620 conveneramus,
956 1603 1022 1621 agere,
1042 1597 1092 1615 aliud
1105 1592 1175 1615 autemn-

278 1625 324 1645 Dtio
336 1626 359 1645 V.
371 1632 441 1651 urgens
455 1629 512 1651 atque
526 1626 599 1645 instans
613 1626 687 1645 assidue
700 1626 781 1652 juberet,
795 1632 853 1651 quam
865 1633 901 1652 ego
916 1631 1017 1652 tantopere
1031 1628 1128 1647 instantem
1139 1628 1181 1651 ΨΜ

314 1690 319 1701 ¹
340 1689 413 1705 loannes.
