1465 2093
487 214 628 229 mmmm
641 215 705 233 unm,
718 214 826 229 nexuum.
1084 208 1110 232 46
1117 215 1122 227 ι

188 267 289 289 discimus,
309 267 367 291 idque
382 273 417 291 pro
432 267 497 285 debito
518 271 584 286 nostro
605 273 649 292 erga
664 267 744 286 eandem
760 267 778 285 S.
794 267 873 285 Mtatem
889 266 917 288 V.‚
938 266 1007 285 debitis
1022 265 1066 284 fidei
1081 265 1124 284 offi-

188 298 224 316 ciis
239 304 260 316 ac
276 298 383 323 integritate
403 298 509 323 promereri
529 299 675 322 contendemus,
695 299 737 317 Deo
752 298 833 322 Optimo
853 297 937 316 Maximo
955 297 1038 322 juvante,
1058 297 1091 321 qui
1106 297 1125 315 S.

187 329 272 348 Mtatem
288 330 309 348 V.
324 330 357 348 diu
372 330 496 353 incolumem,
515 330 588 348 felicem
604 336 625 349 ac
639 330 722 355 gloriosa
736 329 815 348 victoria
831 335 874 354 erga
889 328 967 353 quosvis
981 328 1046 346 hostes
1060 328 1126 346 trium-

188 360 284 385 phantem
306 367 417 379 conservare
432 361 527 386 dignetur.
551 361 610 380 Dutae
625 361 644 379 in
659 361 761 379 conventu
776 364 841 379 nostro
856 360 939 385 generali
953 359 1126 384 Marienburgensi,

192 392 227 409 die
243 392 267 410 28
282 392 353 416 Aprilis
367 393 390 410 Α.
409 398 462 415 155⁰·
477 392 569 416 Ejusdem
585 392 604 410 S.
618 392 683 410 Mtatis
697 393 719 411 V.
734 392 836 410 humillimi
850 391 928 415 subditi,
945 391 1055 409 Consiliarii
1070 395 1127 409 terra-

188 429 234 441 rum
251 423 338 441 Prussinc
352 423 371 441 in
387 423 482 442 moderno
498 423 601 442 Conventu
615 423 782 448 Marienburgensi
796 423 913 448 congregati.

218 495 263 515 833.
356 497 475 516 Andreae
489 497 684 516 Zebrzidowski
698 497 845 516 Stanislaus
859 497 942 516 Eorek
954 496 964 515 ¹.

831 543 945 565 Cracoviae,
958 543 985 561 24
998 543 1052 562 lunii
1065 542 1125 561 1550.

256 579 346 604 Acceptis
360 579 423 598 taleris
438 580 474 598 illis
490 581 519 602 50,
537 580 561 598 ad
577 580 670 599 rationem
685 580 744 599 debiti
758 580 796 599 mei
811 580 857 598 mihi
872 586 882 598 a
896 580 919 598 R.
934 579 1006 598 Drione
1020 579 1043 598 V.
1058 585 1126 597 nume—

190 610 238 629 ratis
248 611 261 634 ²,
277 611 403 629 incontinenti
418 611 541 635 quietationis
555 611 685 636 syngrapham
700 611 724 629 de
738 611 810 630 eisdem
824 611 847 630 V.
862 611 885 629 R.
901 610 966 629 Dtioni
981 610 1051 634 remisi,
1069 616 1128 635 quam

191 642 219 660 illi
234 642 273 666 jam
288 642 362 666 pridem
377 648 418 661 esse
432 643 525 661 redditum
538 649 577 661 non
589 643 665 661 dubito.
679 642 770 661 Ceterum
782 649 804 661 ex
816 642 874 661 literis
886 642 962 660 Dtionis
977 642 999 660 V.
1012 642 1042 665 R,
1057 641 1128 660 interea

192 673 252 692 etiam
271 674 295 691 ad
315 679 346 692 me
366 673 421 696 datis,
442 674 538 698 ingentem
558 673 623 692 animo
643 680 686 692 rneo
707 673 795 698 concipio
814 673 901 692 dolorem
921 677 939 692 et
957 673 1128 698 perturbationem,

192 704 354 729 quandoquidem
374 705 401 723 eis
420 705 480 723 multa
501 705 547 723 mihi
567 711 577 723 a
593 705 615 723 R.
631 705 701 724 Dtione
717 705 738 724 V.
753 704 824 729 partim
844 704 962 729 exprobrari,
981 704 1050 729 partim
1071 704 1128 722 etiam

192 735 272 760 indigne
286 736 435 754 commemorari
449 736 555 761 comperio.
578 736 616 755 Sed
631 742 702 759 revera,
722 736 737 755 si
752 742 800 761 quae
815 736 954 755 avunculorum
974 741 1056 754 suorum
1071 735 1128 753 bene-

192 766 242 785 facta
256 767 275 785 in
290 773 321 785 me
336 768 404 786 collata
419 767 464 786 Dtio
479 767 501 786 V.
517 768 540 786 R,
555 767 601 786 mihi
617 767 690 792 objicit,
711 773 787 786 necesse
802 767 859 785 etiam
879 767 962 785 arbitror
976 766 1038 790 fateri,
1058 772 1081 784 an
1097 765 1129 784 illa

192 798 213 816 in
227 798 312 816 otiosum
327 804 357 816 me
372 798 440 817 collata
455 798 535 821 suerint,
555 799 608 823 quod
623 799 642 817 in
656 798 737 823 longum
757 804 854 817 recensere
874 804 908 816 nec
927 798 999 822 justum
1020 803 1054 816 nec
1068 797 1129 815 hone-

193 833 244 848 stum
259 833 292 848 cst.
307 829 413 854 Nunquam
428 836 464 854 ego
479 830 502 848 R.
517 830 559 848 Dne
569 836 609 854 »pro
623 830 694 854 justitia
709 836 750 848 mea
765 836 788 848 eo
802 835 899 848 recurrere
914 829 1029 854 cogitabam,
1045 829 1082 847 nisi
1097 834 1128 847 me

194 860 235 879 sola
250 860 273 878 V.
288 860 311 878 R.
327 861 371 879 Dtio
386 861 467 879 invitum
483 861 539 885 plane
553 860 672 885 impulisset,
686 861 774 884 meminit
788 861 847 884 enim,
864 861 965 885 quomodo
980 866 1014 885 per
1028 860 1064 879 hoc
1079 859 1127 878 inte-

194 898 251 916 grum
267 891 393 916 quinquennii
408 896 491 917 tempus,
511 892 548 916 jam
564 892 613 911 inter
627 898 657 911 mc
672 896 690 911 et
704 892 765 917 ipsam
780 892 803 911 R.
818 892 910 911 Dtionem
924 892 954 916 V.‚
970 892 1027 916 idque
1041 891 1128 916 saepius-

194 922 243 945 cule,
264 922 302 945 iam
315 927 382 941 autore
397 923 532 942 Serenissimae
549 923 645 942 Dominae
659 929 713 942 meae
727 923 824 948 Reginalis
838 923 902 942 Mtatis
912 924 925 947 ³,
945 923 983 948 jam
997 929 1031 948 per
1045 926 1074 941 tot
1088 923 1129 941 lite-

194 960 233 977 ras,
254 955 300 972 dum
315 954 359 973 hinc
377 955 430 973 abest
444 955 467 973 R.
483 955 528 973 Dtio
543 955 575 978 V.,
596 955 633 979 jam
649 961 683 979 per
697 955 769 974 amicos
784 959 801 973 et
815 955 883 974 affines
898 955 992 980 ejusdem,
1012 954 1071 973 debiti
1092 954 1129 972 mei

194 985 312 1004 solutionem
327 989 345 1004 et
359 986 430 1004 tentavi
445 990 463 1004 et
477 986 522 1011 petii
537 990 555 1005 et
569 986 672 1005 obsecravi.
688 986 740 1008 Quid
755 986 805 1005 aliud
820 993 851 1005 me
863 986 924 1005 facere
935 986 995 1004 voluit
1007 986 1030 1004 R.
1042 985 1087 1004 Dtio
1099 985 1129 1008 V.‚

195 1022 256 1040 quum
278 1023 340 1041 neque
360 1017 390 1035 hic
411 1017 514 1036 Cracoviac
528 1024 559 1036 me
574 1018 593 1036 in
608 1021 732 1042 conspectum
753 1024 809 1036 suum
824 1018 931 1041 admittere,
952 1023 1013 1042 neque
1028 1021 1057 1035 tot
1070 1016 1131 1042 literis

196 1048 244 1066 meis
259 1048 320 1066 ullum
341 1054 454 1072 responsum
475 1049 520 1067 dare
535 1049 612 1074 dignata
627 1049 689 1072 fuerit,
709 1049 824 1074 silentioque
838 1056 869 1068 me
884 1049 983 1068 evadendo
999 1049 1038 1067 visa
1053 1052 1081 1067 est
1095 1055 1129 1067 an·

195 1085 262 1103 nuere,
276 1084 298 1098 ut
311 1086 347 1104 ego
361 1080 403 1104 jure
418 1080 514 1099 mediante
528 1087 593 1099 meum
609 1081 695 1099 debitum
710 1084 802 1105 repetam,
822 1086 939 1105 quamquam
954 1080 1016 1099 adhuc
1031 1086 1075 1098 eam
1090 1085 1129 1098 rem

196 1111 307 1129 Romanam
321 1118 331 1129 a
346 1111 369 1129 R.
385 1111 455 1130 Dtiouc
469 1112 491 1130 V.
507 1112 586 1130 celatam
606 1118 647 1131 esse
665 1112 724 1130 volui.
748 1111 837 1131 Ceterum
858 1118 918 1137 quum
935 1112 959 1130 de
979 1117 1000 1130 ea
1015 1111 1052 1136 iam
1067 1111 1091 1129 sit
1105 1111 1129 1129 ad

196 1142 289 1161 Dtionem
304 1142 326 1161 V.
341 1142 364 1161 R.
379 1143 480 1167 perlatum,
500 1149 538 1161 non
554 1143 623 1161 invitus
642 1143 704 1162 adhuc
719 1142 743 1167 (si
758 1143 853 1162 Dominus
869 1143 919 1161 Deus
934 1142 1024 1168 voluerit)
1046 1142 1065 1161 S.
1079 1142 1130 1160 Mar-

196 1173 230 1191 tini
246 1173 302 1192 ferias
316 1180 359 1192 surn
374 1178 523 1199 exspectaturus,
538 1178 556 1193 et
570 1175 585 1193 si
597 1175 642 1193 Dtio
655 1175 677 1193 V.
690 1175 712 1193 R.
727 1174 752 1193 ita
766 1175 836 1193 habere
849 1174 973 1197 mandaverit,
988 1174 1048 1192 modo
1060 1177 1082 1191 ut
1092 1173 1131 1198 jam

195 1205 278 1223 omnino
293 1209 364 1223 certam
378 1205 511 1230 integramque
529 1206 645 1224 solutionem
666 1206 720 1224 istius
740 1206 824 1230 reliquae
843 1211 931 1224 summae
951 1211 986 1230 pro
1001 1205 1033 1223 illo
1047 1204 1129 1223 termino

195 1236 267 1254 habere
282 1236 363 1260 possim,
383 1237 437 1261 quod
452 1237 521 1255 iterum
536 1241 593 1262 atque
611 1237 680 1256 iterum
695 1243 750 1262 rogo,
765 1237 786 1255 V.
802 1237 825 1255 R.
841 1237 886 1255 Dtio
900 1236 1058 1262 quandoquidem
1073 1236 1097 1254 sit
1111 1239 1129 1254 et

195 1267 323 1291 iustissimum
337 1272 355 1286 et
369 1268 507 1292 aequissimum
521 1269 614 1292 debitum,
629 1269 724 1293 expendat
738 1268 794 1287 etiam
807 1268 859 1293 apud
874 1274 914 1287 sese
925 1274 997 1293 quaeso
1009 1267 1062 1291 illud,
1078 1267 1131 1291 quod

195 1299 232 1317 nisi
247 1299 283 1317 hac
297 1305 339 1317 mea
354 1299 434 1323 pecunia
450 1299 516 1317 Dtioni
532 1299 554 1318 V.
569 1300 592 1318 R.
608 1299 681 1318 Romae
695 1304 740 1318 tunc
752 1305 864 1318 succursum
876 1299 947 1321 suisset,
962 1299 1059 1323 ingentem
1071 1298 1131 1323 jactu-

194 1336 237 1348 ram
252 1330 298 1348 Dtio
314 1330 335 1349 V.
351 1330 374 1349 R.
389 1335 428 1349 erat
447 1335 555 1355 accepturu,
575 1331 628 1355 cujus
643 1331 668 1349 rei
683 1331 749 1349 haberi
770 1335 850 1355 possunt
869 1331 942 1355 optima
962 1330 1071 1349 testimonia
1091 1335 1131 1347 non

194 1361 256 1380 modo
271 1367 293 1379 cx
308 1361 365 1380 literis
380 1361 423 1380 Dris
437 1362 484 1380 olim
503 1362 611 1385 Rzeczicza,
631 1362 664 1380 sed
679 1362 735 1380 etium
751 1368 772 1380 ex
787 1361 876 1380 Dnorum
896 1361 1003 1380 Hermanni
1017 1364 1036 1379 et
1050 1360 1131 1383 Kierski,

194 1392 279 1411 alterum
294 1393 365 1411 scilicet
380 1397 400 1411 ut
414 1397 446 1411 aut
458 1393 521 1412 literae
535 1393 663 1418 expeditionis
677 1393 804 1418 Episcopatus
818 1393 938 1412 Chelmensis
950 1392 1078 1411 retinerentur
1091 1395 1132 1410 tan-

194 1424 263 1448 tisper,
284 1424 412 1448 quoadusque
432 1430 499 1443 aurum
521 1425 600 1443 missum
618 1424 690 1448 fuisset,
711 1428 743 1443 aut
757 1425 776 1443 in
791 1425 853 1443 banco
867 1428 922 1443 tenus
936 1430 977 1443 non
991 1423 1081 1448 exiguum
1096 1428 1131 1441 nu-

192 1455 312 1473 merandum
327 1459 380 1473 esset.
402 1455 472 1474 Omnis
487 1456 512 1474 rei
527 1456 658 1474 adfirmandae
673 1462 729 1475 causa
744 1456 799 1475 mitto
813 1460 964 1480 transsumptum
980 1455 1078 1473 literarum
1092 1454 1131 1473 Dni

192 1486 244 1505 olim
260 1486 304 1504 Dris
319 1486 426 1509 Rzeczicza,
444 1487 477 1511 qui
491 1493 533 1505 eam
549 1487 650 1512 pecuniam
666 1494 709 1506 meo
724 1487 803 1506 nomine
817 1487 930 1510 numeravit,
950 1493 986 1511 ego
1000 1490 1064 1505 autem
1079 1485 1132 1504 illam

192 1524 237 1536 non
252 1517 277 1536 ad
292 1518 421 1536 necessitatem
443 1524 505 1543 neque
520 1518 544 1536 ad
558 1518 672 1543 petitionem
693 1518 774 1543 Kiersltj,
793 1519 827 1537 scd
841 1518 864 1537 ad
880 1518 901 1537 V.
917 1518 940 1536 R.
955 1517 1031 1536 Dtionis
1050 1517 1132 1536 necessi-

191 1554 255 1568 tatem
271 1553 414 1573 praegnantem.
430 1549 506 1571 Quodsi
522 1549 653 1568 testimonium
669 1550 704 1569 hoc
719 1550 772 1575 parvi
786 1550 862 1568 videtur
876 1549 977 1572 momenti,
994 1548 1068 1567 mittam
1083 1554 1132 1573 quo-

191 1586 235 1606 que
250 1584 269 1598 et
283 1580 417 1599 testimonium
437 1581 475 1599 Dni
490 1581 534 1599 Dris
548 1581 643 1600 Leonardi
663 1581 763 1604 Hermai-ii,
782 1581 866 1600 hominis
886 1580 1021 1606 probatissimi,
1041 1579 1074 1604 qui
1093 1585 1132 1598 una

189 1618 241 1632 cum
256 1612 301 1630 Dno
317 1612 392 1630 Kierski
406 1612 548 1637 expeditionem
564 1612 612 1632 hanc
627 1612 703 1631 Dtionis
717 1613 740 1631 R.
755 1612 778 1631 V.
793 1613 931 1638 promovebam
946 1611 1063 1634 missadacio
1075 1610 1133 1630 etiam

231 1686 237 1696 ¹
260 1685 308 1700 Liber
320 1685 451 1706 (manuscriptus)
463 1685 526 1701 Archivi
538 1685 606 1707 Capituli
618 1685 661 1702 Εςει.
673 1685 713 1702 cuth.
725 1685 775 1706 Grac„
786 1685 807 1701 Ν
821 1689 854 1707 ¹4²·

230 1711 237 1724 ¹
261 1711 284 1729 Cf.
295 1711 331 1733 498.
395 1712 402 1723 ⁸
423 1712 482 1728 Bonae.
