1465 2093
457 210 598 225 arm-romum
610 210 674 227 mar,
687 210 745 224 imm.
1029 206 1065 229 3⁰5

178 264 230 287 vivat,
248 270 307 289 quam
322 263 371 282 inter
385 269 420 282 nos
434 269 455 281 ac
470 267 550 283 nostros,
570 263 599 281 De
613 262 696 287 praediis
710 262 806 287 posterior
819 266 864 281 cura
878 265 916 286 est,
930 268 1043 287 quanquam
1056 262 1071 281 si

182 295 243 314 isthuc
262 294 328 313 venire
342 294 382 313 VV.
398 294 462 313 Frates
477 298 578 319 cuperent,
599 294 677 318 praedia
691 294 748 312 nobis
765 294 815 312 bene
828 293 931 312 constituta
951 294 1025 312 tradere
1039 294 1072 312 de-

178 330 209 345 tnt.
230 326 268 344 Sed
283 332 346 350 neque
360 331 396 350 ego
412 325 464 344 aliud
481 325 529 343 mihi
543 325 566 343 de
580 325 626 349 ipsis
640 325 743 349 polliceor,
761 328 779 343 et
793 324 808 343 si
823 325 869 349 quid
884 325 979 344 diversum
997 331 1073 349 repere-

189 363 247 382 quam
265 357 368 382 polliceor,
388 356 447 375 facilis
462 356 498 375 erit
511 362 556 375 cum
576 356 622 380 ipsis
637 356 674 375 hoc
691 356 771 374 nomine
792 356 901 374 transactio.
927 356 975 374 lllud
995 356 1073 379 mirum,

179 389 191 407 d
202 389 226 407 de
238 389 310 413 piscina
324 388 343 407 in
359 387 515 413 possessionibus
529 387 686 406 Cunoviensibus
698 388 703 400 ¹
717 387 803 412 perfossa
817 387 931 412 significant.
946 387 995 406 Nam
1010 393 1072 413 neque

186 420 241 443 viros,
256 419 290 445 qui
304 419 401 442 dicuntur,
416 419 436 437 id
451 418 517 437 fecisse
531 419 633 437 verisimile
648 423 681 442 est,
696 425 779 443 quorum
793 419 845 438 nulla
859 425 946 444 unquam
963 419 1073 438 inconside-

178 451 220 475 iae,
235 451 287 469 nulla
301 451 364 469 illatae
378 450 489 473 violentiae,
511 450 562 469 nulla
577 450 654 474 appetiti
669 450 726 468 alieni
740 450 810 469 indicia
826 456 943 475 apparuere,
958 454 976 469 et
990 450 1009 468 in
1024 456 1073 475 quoa

178 490 182 501 ι
195 487 213 501 et
226 486 320 507 perpetua
334 486 352 501 et
366 482 449 500 recentia
463 481 531 500 merita
544 487 566 500 ac
580 481 644 500 officia
658 487 735 506 semper
748 482 860 505 extiterunt;
880 487 942 506 neque
956 481 976 500 id
990 481 1073 500 Venera-

178 520 196 533 m
210 514 276 532 Dnum
292 513 429 532 Podlodowski
439 512 452 536 ²,
470 513 571 531 hominem
585 519 661 531 summa
676 513 728 538 apud
742 513 777 532 hos
792 513 837 532 istos
852 513 934 532 illustres
948 513 999 532 viros
1013 512 1073 538 gratia

178 545 324 569 ›ropinquiiate,
345 550 453 569 magnaque
467 545 519 568 apud
534 544 643 569 Principem
657 544 770 567 autoritate,
785 545 803 563 id
818 551 920 569 passurum
940 545 998 563 fuisse
1013 544 1073 563 credi—

196 581 223 595 est
240 576 260 595 in
275 576 331 594 bonis
345 576 369 594 ab
384 575 468 594 Ecclesia
482 576 519 594 sibi
534 576 653 594 concreditis.
668 575 707 594 Sed
721 576 802 594 alterum
816 576 888 594 horum
903 576 986 595 extitisse
998 582 1073 595 necesse

188 612 209 626 ut
222 608 252 626 vel
267 613 306 626 non
321 607 334 625 ii
348 607 444 632 perfossae
459 607 542 631 piscinae
557 611 633 625 autores
647 607 725 628 fuerint.
740 607 772 632 qui
786 607 883 630 dicuntur,
900 607 954 632 quod
968 613 1005 632 ego
1019 607 1073 626 facile

178 639 187 657 ii
201 639 316 663 persuadeo,
330 638 359 657 vel
374 638 426 663 quod
441 644 564 662 nequaquam
579 638 626 656 mihi
641 644 721 662 possum
739 639 864 663 persuadere,
884 638 922 656 Dni
937 638 1073 657 Podlodowski

179 670 255 695 figentia
270 669 395 688 commissum
413 669 485 687 malum
500 669 524 688 sit
538 673 556 687 et
570 673 707 694 perpetratum.
729 669 794 694 ltaque
809 670 828 688 in
842 676 866 688 eo
881 669 976 689 Ecclesiae
994 669 1073 694 quidem

178 707 238 726 gnum,
253 701 300 719 mihi
315 701 405 725 exiguum
420 700 512 719 damnum
527 704 555 719 est
569 701 646 724 datum,
661 700 680 719 in
694 706 734 725 quo
748 704 831 725 utroque
846 707 882 725 ego
897 701 953 725 culpa
966 707 1019 719 vaco.
1035 700 1073 719 Sed

178 739 203 751 :en
217 739 241 751 ne
255 732 316 751 desim
331 732 436 755 Ecclesiae,
455 731 518 750 scribo
533 732 557 750 ad
571 738 604 750 eos
622 735 714 756 utrosque
724 732 738 755 ²,
758 738 806 757 quos
821 732 862 751 VV.
882 732 946 751 Ftates
965 732 1073 756 nominant,

178 764 191 782 si
204 770 273 782 eorum
290 763 342 788 jussu
356 763 376 781 id
390 763 462 782 factum
475 762 621 787 sit,-praestent
635 763 702 781 vitium
717 763 818 782 Ecclesiae.
839 764 867 782 Dc
882 769 925 782 arce
939 763 1056 782 Muszinensi
1066 763 1073 776 Ι

181 795 261 813 decrevi.
279 794 353 813 Mittam
368 800 391 813 eo
405 794 503 819 quendam
518 800 540 812 ex
554 794 602 813 meis
618 794 695 813 famulis
713 794 803 813 Nobilem
821 801 866 813 cum
880 798 931 813 certa
947 801 1023 813 summa
1040 801 1073 819 pe-

180 826 217 850 iae,
236 826 269 851 qui
284 826 324 851 ejus
338 825 394 844 castri
412 825 542 850 possessiones
556 829 609 844 curet
623 830 641 844 ct
659 829 744 849 tueatur,
766 832 824 851 quern
839 832 900 851 quum
915 826 939 844 ad
953 826 993 844 VV.
1010 826 1074 845 Ftates

178 858 222 881 erit,
241 863 285 876 curn
303 857 361 875 literis
376 857 437 875 isthuc
451 857 490 875 suis
508 856 615 880 dimittent,
639 857 655 875 ci
674 863 720 875 vero
736 857 768 882 qui
783 857 874 876 hactenus
893 857 948 876 isthic
968 857 1074 882 praefectus

182 903 187 912 ,
203 895 242 907 non
257 889 345 912 arbitror,
365 894 395 907 me
410 888 514 913 quicquam
528 888 599 907 debere
613 888 703 913 stipendii
719 889 813 912 nomine„
823 895 867 907 narn
882 895 919 913 ego
933 889 978 907 anni
992 888 1012 907 in
1026 888 1073 913 Epi-

178 925 219 945 patu
239 919 361 938 Cracoviensi
381 919 457 938 initium
472 926 510 938 non
525 926 535 937 a
550 919 641 938 Calendis
655 920 740 938 Januarii
758 920 882 944 auspicabor,
902 920 935 938 sed
949 920 973 938 ab
987 926 1011 938 eo
1025 924 1073 938 tem—

179 958 197 975 e,
216 958 256 977 quo
270 958 301 970 me
316 952 334 970 in
350 951 403 970 illum
418 951 477 970 Sedes
492 951 579 969 Romana
594 951 747 975 inauguraverit,
762 951 781 969 id
796 955 860 970 tamen
874 950 916 974 fiet,
936 957 996 976 quum
1010 951 1074 970 literas

178 990 192 1002 ic
206 988 224 1002 et
238 983 323 1007 diploma
337 983 430 1007 accipero.
450 982 586 1007 Jurisjurandi,
605 983 659 1007 cujus
673 989 704 1001 me
718 982 758 1001 VV.
773 982 837 1001 frates
854 982 1039 1006 commonefaciunt,
1054 982 1074 1001 id

178 1021 183 1033 ι
196 1015 240 1033 satis
255 1014 341 1037 memini,
355 1020 399 1032 narn
413 1018 432 1032 et
446 1014 495 1032 inter
508 1014 549 1038 ejus
564 1014 659 1032 Ecclesiae
674 1014 786 1033 Canonicos
800 1014 855 1032 annis
870 1014 913 1038 plus
928 1014 991 1032 minus
1006 1013 1073 1038 viginti

187 1050 205 1065 et
215 1052 257 1065 eam
271 1045 432 1064 consuetudinem
447 1045 548 1070 diligenter
563 1045 634 1063 notavi.
649 1045 701 1068 Quid
716 1045 773 1064 etiam
785 1051 808 1064 eo
821 1049 907 1070 tempore
922 1045 1001 1070 egerim,
1014 1051 1074 1070 quum

180 1078 225 1096 olim
240 1077 341 1095 Latalicius
351 1077 359 1088 ὗ
372 1077 416 1095 huic
431 1077 550 1101 jurijurando
564 1076 624 1095 multa
640 1081 706 1095 nostro
723 1083 813 1095 sermone
827 1077 948 1100 immisceret,
962 1076 997 1095 scit
1011 1076 1073 1095 Vene-

178 1109 205 1127 ilis
222 1109 276 1127 Dnus
292 1108 387 1126 Konarski
397 1109 405 1120 ⁰
421 1108 537 1126 Canonicus.
558 1108 577 1126 ld
592 1114 616 1126 eo
631 1108 684 1131 dico,
705 1114 744 1127 non
759 1108 812 1133 quod
833 1108 947 1133 cujusquam
966 1108 1074 1133 perjurium

180 1146 204 1163 m,
218 1140 271 1165 quod
286 1139 341 1162 absit,
354 1139 431 1162 imitari,
445 1140 479 1158 sed
491 1143 511 1157 ut
523 1139 663 1163 demonstrem,
678 1143 765 1158 constare
779 1139 826 1158 mihi
839 1140 862 1158 de
873 1140 891 1158 vi
903 1143 960 1164 atque
974 1139 1022 1158 serie
1034 1139 1074 1164 ejus

178 1178 196 1190 ‚is
209 1171 338 1196 jurisjurandi.
353 1171 412 1193 Quod
426 1177 484 1195 quam
500 1170 554 1189 firme
568 1171 599 1189 alii
614 1171 740 1194 observarint,
755 1177 794 1189 non
808 1171 889 1196 attingo,
904 1177 940 1196 ego
954 1177 985 1189 me
999 1171 1019 1189 in
1034 1170 1075 1196 ejus

180 1203 275 1221 ervationc
289 1202 314 1221 ita
329 1206 426 1227 gesturum
447 1202 550 1226 profiteor,
570 1206 591 1221 ut
604 1208 638 1221 eos
652 1203 709 1221 etiarn
728 1202 794 1221 vicisse
807 1203 881 1226 videar,
901 1203 934 1228 qui
949 1203 995 1221 olim
1009 1209 1020 1221 a
1033 1202 1074 1221 VV-

179 1234 227 1252 ribus
241 1234 260 1252 id
275 1233 420 1252 benevolentiae
434 1233 507 1258 experti
521 1233 608 1256 fuerunt,
628 1237 650 1252 ut
663 1238 707 1252 ante
722 1234 807 1259 diploma
822 1234 933 1253 Romanum
953 1233 1075 1259 possessione

178 1269 269 1290 scopatus
292 1265 408 1288 fruerentur,
431 1270 514 1289 quorum
534 1268 622 1289 tempore
642 1271 682 1284 non
703 1266 782 1284 memini
805 1272 836 1284 me
857 1272 969 1291 quenquam
992 1271 1015 1284 ex
1033 1265 1074 1284 VV-

179 1297 228 1315 tibus
242 1296 279 1315 arci
294 1296 377 1321 cuipiam
397 1296 513 1320 praefectum
534 1296 610 1315 vidisse.
631 1297 671 1315 VV.
687 1297 749 1316 Ftates
765 1298 812 1316 bene
827 1297 890 1316 valere
906 1301 959 1322 opto.
981 1296 1075 1319 Volborii,

184 1328 246 1346 Martii
260 1327 330 1346 MDLl.

178 1400 212 1420 195.
238 1401 345 1420 Nicolao
356 1401 522 1420 Radziviloni
533 1403 558 1420 et
568 1402 665 1421 Joanni
677 1402 807 1422 Tarnovio
821 1403 981 1427 singillatnn⁴

784 1450 892 1473 Volboriae,
907 1451 919 1469 3
933 1450 1002 1469 Martii
1015 1449 1071 1468 1551.

206 1483 338 1509 Significatum
357 1488 385 1503 est
399 1484 445 1503 mihi
462 1485 486 1503 ab
503 1485 525 1504 iis
536 1486 548 1508 ⁷,
569 1486 640 1510 quibus
659 1486 793 1506 Cracoviensis
811 1487 908 1506 Ecclesiae
927 1493 973 1505 cura
986 1486 1006 1504 in
1021 1491 1074 1504 com-

180 1522 203 1534 ne
215 1515 308 1534 incumbit
316 1516 352 1534 hoc
362 1520 454 1540 tempore,
466 1516 566 1541 disjectum
579 1523 620 1536 esse
632 1524 722 1543 aggerem
734 1518 821 1543 perfossa
833 1518 906 1543 piscina
918 1518 937 1537 in
950 1516 1073 1543 possessioni-

178 1554 181 1565 ι
189 1546 342 1566 Cunoviensibus
351 1548 355 1559 ¹
367 1547 462 1566 Ecclesiae
471 1548 527 1571 illius,
535 1548 589 1573 jussu
599 1553 617 1567 et
626 1550 719 1568 mandato
726 1549 749 1568 V.
759 1549 787 1569 111.
796 1550 861 1569 Mtiae.
874 1550 895 1569 ld
904 1550 956 1575 quod
964 1554 1076 1575 quanquam

178 1632 183 1642 ¹
206 1631 268 1646 Kundw
285 1636 299 1646 w
310 1631 370 1650 wojew.
383 1632 522 1650 sandomir-stiam,
536 1633 623 1652 majetnose
637 1633 722 1655 biskup6w
736 1634 855 1654 tarwanam
870 1639 886 1650 w
896 1634 931 1655 riq,>
945 1633 1004 1654 mylnie
1021 1630 1078 1652 ‚euir-

206 1657 300 1676 viensibm‘,
315 1657 334 1672 cf.
345 1657 380 1674 ὕοι.
464 1658 471 1669 ²
485 1659 578 1679 Georgium.
663 1660 670 1671 ⁸
684 1660 708 1676 ef,
724 1660 759 1682 595.
844 1662 850 1672 Ι
865 1661 941 1682 Munym
956 1664 972 1675 w
985 1658 1077 1680 Sqdeckissm

207 1684 238 1698 aad
249 1683 311 1704 granica
322 1684 412 1704 πρίει-ειη.
475 1685 482 1695 ⁵
496 1685 569 1705 Joannes,
580 1686 670 1707 Episcopus
681 1687 791 1703 emonensis
805 1687 917 1708 15³5—1537.

178 1711 180 1721 ¹
205 1710 279 1725 Jomnes.
341 1710 347 1720 ‘¹
362 1710 444 1726 Canonicia
455 1711 591 1729 Cracovieuxibus.

206 1745 458 1763 mmmmm-nn.
956 1746 980 1765 39
