1465 2093
548 221 687 236 marouwa
701 222 765 240 mm,
778 222 843 236 amm.
1123 222 1136 241 4
1141 223 1146 235 ι
1151 223 1162 241 9

264 273 301 292 tius
316 273 365 292 ferre
380 279 418 292 non
433 273 548 298 potuissem,
567 274 686 292 subscribere
701 278 779 293 coactus
793 274 826 293 fui.
846 274 894 293 Illud
909 274 967 293 etiam
981 274 1028 293 scire
1042 274 1109 298 debet,
1124 280 1162 298 me,

264 311 290 323 im
304 305 450 329 subscriptionis
464 305 517 323 istius
531 305 644 329 poeniteret,
659 305 760 324 confestim
775 305 826 324 illam
841 312 885 324 cum
900 306 954 324 omni
973 306 1093 325 solemnitate
1108 312 1162 325 revo-

264 336 308 359 isse,
328 335 495 360 revocationisque
509 336 550 361 ejus
564 336 678 355 Venerabile
693 336 805 361 Capitulum
820 343 884 355 rneum
902 337 1001 356 conscium
1016 337 1091 361 fecisse,
1105 341 1162 356 testes

264 367 349 390 ibuisse,
369 367 432 385 literas
447 366 491 385 fidei
512 367 599 392 publicas
619 367 731 386 obtinuisse.
752 368 807 386 Nunc
826 368 890 387 videat
904 368 927 387 R.
942 368 987 386 Dtio
1002 368 1032 391 V.,
1046 372 1111 387 utrum
1131 372 1163 387 aut

264 402 330 417 contra
345 404 376 416 me
389 398 452 416 valere
466 398 517 421 velit,
532 404 581 423 quae
595 404 632 423 ego
646 398 716 417 invitus
731 399 864 423 praestiterim,
879 403 912 418 aut
925 405 946 418 ea
958 399 1040 424 possint,
1054 405 1103 424 quae
1117 405 1162 424 pro-

264 436 280 448 is
295 429 405 448 revocarim.
426 429 503 451 Quaero
524 433 587 448 autern
607 430 664 448 etiam
679 436 701 448 ex
716 430 738 448 R.
753 430 823 449 Dtione
837 431 866 453 V.,
884 431 900 449 si
914 437 935 449 ea
949 431 1011 449 valere
1031 434 1063 449 aut
1082 431 1164 455 putabat

275 461 370 486 cupiebat,
385 467 419 479 cur
433 467 472 479 non
487 461 510 479 de
524 467 548 479 eo
564 461 684 480 Canonicatu
698 461 802 486 quicquam
818 462 867 486 egit,
882 467 940 486 quern
955 461 1075 480 Cancellario
1095 465 1162 480 contu-

268 491 299 510 m?
314 492 342 510 vel
356 492 371 510 si
386 492 405 510 itl
419 496 452 510 aut
466 492 528 511 noluit
543 496 575 511 aut
590 492 678 517 neglexit,
694 499 726 511 cur
741 499 780 511 non
795 493 818 511 de
833 499 866 515 eu,
881 498 941 517 quem*
953 497 1019 517 postea
1033 493 1099 518 nepoti
1116 499 1161 511 meo

268 522 316 541 tuli?
337 523 376 541 Cur
390 524 429 541 vim
443 528 500 548 atque
515 524 592 548 pondus
607 524 705 542 literarum
721 530 813 547 mearum,
827 524 842 542 si
857 524 911 548 quod
925 524 969 546 fuit,
987 524 1012 542 ita
1027 524 1120 547 extendit,
1139 528 1161 543 ut

267 559 295 573 tra
316 555 401 579 ipsarum
420 555 489 573 seriem
504 558 522 573 et
536 559 647 574 contextum
663 555 713 574 hunc
728 555 785 574 istum
805 561 865 579 usque
880 559 943 580 captet
957 555 1108 578 Canonicatum,
1127 555 1161 580 qui

264 589 315 604 tanta
330 586 429 610 religione,
448 586 468 604 in
487 586 586 604 sanctitate
609 586 670 605 virum
693 586 773 604 collatus
792 585 831 604 est?
854 586 949 610 Equidem
972 586 1115 609 existimabam,
1138 586 1161 604 R.

264 623 321 635 onem
336 617 358 635 V.
374 617 392 635 in
407 623 428 635 ea
443 623 462 635 re
477 617 506 636 vel
526 617 624 642 dignitatis
644 617 790 640 ecclesiasticae,
810 617 839 635 vel
859 620 955 636 meorum'
967 621 1106 642 perpetuorum
1126 623 1162 642 pro

265 648 297 667 ine
312 652 378 667 nostro
393 652 411 666 et
425 648 517 673 religione
537 649 636 671 laborum,
657 649 686 667 vel
701 649 753 673 quod
767 654 866 667 summum
881 653 917 671 est,
934 649 975 673 ejus
989 648 1034 671 viri,
1054 649 1087 673 qui
1100 654 1162 667 sacer-

264 680 303 698 ium
318 679 401 702 obtinet,
421 679 495 698 virtutis
509 683 565 704 atque
581 680 682 704 probitatis
697 680 789 698 rationem
805 685 845 698 esse
860 680 978 703 habituram,
996 685 1058 704 neque
1072 679 1163 698 commis-

264 716 300 733 am,
315 714 337 728 ut
349 710 404 734 cujus
418 716 454 734 ego
469 710 597 735 integritatem
618 711 700 730 morosis
714 711 750 729 illis
765 711 934 735 reprehensoribus
949 711 1041 735 opposui,
1056 711 1085 729 vel
1099 711 1163 735 polius

264 748 287 759 εει-ι
302 747 335 760 sna
350 741 409 765 ipsius
424 742 483 760 virtus
496 742 592 760 Ecclesiae
612 742 694 764 addixit;
715 742 754 760 imo
769 742 809 766 ipsa
829 742 865 760 sibi
883 748 932 766 pene
952 742 1035 761 Ecclesia
1056 742 1162 767 cooptavit,

264 773 331 791 viribus
345 776 402 797 atque
417 773 502 797 potentia
518 773 593 791 Dtionis
607 773 630 791 V.
645 773 668 791 R,
683 773 822 795 deturbaretur,
836 777 893 798 atque
908 773 927 791 in
939 779 961 792 ea
975 773 1050 791 actione
1065 773 1163 798 ejusmodi

267 804 299 822 icis
315 804 442 828 praesentiam
457 804 567 827 sustineret,
587 804 619 828 qui
634 804 695 828 qualis
709 804 732 823 sit
747 804 813 829 judex,
830 804 866 828 ipsi
881 804 903 822 R.
918 804 984 823 Dticni
999 804 1021 823 V.
1036 804 1161 829 cogitandum

264 842 323 860 nquo.
339 835 390 858 Vult,
405 835 431 854 uti
446 836 511 858 audio,
526 836 549 854 R.
564 836 609 854 Dtio
623 836 653 859 V.,
667 840 688 854 ut
699 836 752 854 lectis
766 835 840 860 aliquot
854 835 944 860 utrinque
962 835 1009 860 juris
1028 835 1118 854 consultis
1133 835 1162 860 jus

267 873 328 891 usque
348 867 473 890 expendatur.
495 867 550 889 Quae
564 873 593 885 res
607 873 718 891 quanquam
738 867 785 885 mihi
805 872 844 885 non
858 866 965 891 displiceat,
985 870 1049 885 tamen
1069 866 1163 891 quoniam

264 904 302 921 eor,
323 903 347 916 ne
361 897 418 916 nobis
437 898 547 916 absentibus
567 898 646 917 confieri
667 898 713 916 nihil
734 898 803 922 possit,
823 903 859 916 nos
878 901 942 916 autem
960 901 1031 916 ettam
1051 901 1129 922 repente
1144 901 1162 916 et

264 929 322 953 pectis
336 929 376 947 istis
390 935 412 947 ex
427 933 479 953 peste
494 929 613 953 temporibus
625 933 643 947 et
655 929 719 948 multis
733 929 774 948 aliis
787 929 811 947 de
822 928 890 951 causis,
904 928 1008 947 convenire
1023 929 1060 947 hoc
1074 931 1161 953 tempore

264 966 360 985 1ueamus,
375 966 385 978 a
400 960 422 978 R.
437 960 507 979 Dtione
522 960 544 979 V.
559 964 605 985 peto
619 964 638 978 et
651 966 693 978 earn
709 966 768 985 rogo,
783 960 828 984 juris
842 963 863 978 ut
877 960 931 978 istius
945 959 1066 984 expendendi
1087 963 1163 984 ternpus

272 991 295 1009 ad
310 991 421 1016 Synodum,
444 991 473 1009 vel
487 991 510 1009 ad
526 991 618 1014 Comitia,
640 991 670 1010 vel
690 992 714 1010 ad
734 995 823 1010 mutuum
846 991 918 1016 alioqui
936 995 955 1009 et
968 991 1052 1015 primum
1075 995 1163 1009 nostrum

267 1028 353 1047 gressum
369 1022 451 1045 differat,
465 1022 498 1040 ubi
513 1026 532 1040 et
546 1022 665 1046 pestilentiae
682 1026 744 1041 metus
759 1022 819 1041 aberit
834 1026 852 1041 et
866 1022 913 1047 juri-s
928 1022 1035 1047 peritorum
1049 1022 1111 1041 aderit
1130 1028 1162 1040 co-

275 1057 292 1072 et
308 1057 372 1072 nostra
387 1053 410 1071 ad
425 1053 490 1072 onmia
508 1053 612 1072 intercedet
629 1054 726 1072 autoritas.
747 1053 789 1078 Ego
804 1057 867 1072 autem
883 1053 930 1072 illud
945 1053 1049 1078 promitto,
1063 1053 1078 1072 si
1093 1053 1162 1072 consti-

265 1089 272 1103 t
285 1088 335 1108 tum,
348 1091 399 1107 eum,
411 1084 440 1103 cui
455 1085 478 1103 de
490 1084 610 1103 Canonicatu
622 1085 704 1109 providi,
716 1085 745 1110 jus
757 1091 796 1103 non
808 1084 885 1108 habere,
900 1091 942 1103 eam
954 1085 1048 1103 rationem
1063 1084 1163 1108 initurum,

274 1116 341 1134 lubens
355 1116 400 1134 Dtio
416 1115 437 1134 V⁴
453 1115 475 1134 R.
490 1115 604 1140 acquiescat.
624 1118 711 1141 Aequum
727 1120 761 1138 est,
776 1116 829 1140 quod
844 1119 898 1140 peto,
914 1119 932 1134 et
946 1122 991 1134 sane
1006 1122 1063 1140 quam
1078 1121 1161 1140 aequum

264 1151 318 1166 ,tam
333 1153 363 1165 rne
378 1153 434 1171 spero
455 1152 495 1165 esse
515 1147 566 1171 apud
587 1147 677 1166 Dtionem
693 1147 716 1165 V.
737 1147 760 1165 R.
780 1147 912 1165 obtenturum.
935 1147 994 1169 Quod
1009 1147 1024 1165 si
1038 1151 1103 1165 autem
1123 1153 1162 1165 non

264 1178 317 1202 ineo,
332 1178 379 1203 quid
394 1182 451 1196 restat
464 1178 525 1201 aliud,
546 1184 603 1202 quam
618 1182 639 1196 ut
653 1184 672 1197 re
686 1178 705 1196 in
721 1184 765 1197 eum
780 1178 844 1196 locum
860 1178 931 1201 delata,
949 1178 981 1203 qui
996 1178 1056 1203 ipsius
1075 1182 1103 1197 est
1117 1184 1162 1203 pro—

264 1216 290 1232 1s,
310 1209 329 1228 id
344 1209 397 1228 omni
417 1215 460 1228 mea
474 1215 511 1234 ope
526 1213 545 1228 et
558 1209 650 1232 consilio,
670 1209 723 1228 omni
738 1209 794 1228 etiarn
816 1209 889 1228 ratione
903 1215 959 1234 agam
973 1213 1030 1234 atque
1050 1215 1124 1233 curem,
1138 1215 1162 1228 ne

264 1247 285 1260 us
299 1241 334 1260 viri
348 1245 387 1259 tam
402 1241 499 1265 praeclara
513 1241 573 1265 pietas
587 1244 606 1259 et
619 1241 715 1264 sanctitas,
730 1240 763 1265 qui
777 1240 918 1259 Canonicatum
934 1246 978 1259 meo
993 1241 1084 1259 mandato
1096 1246 1162 1265 posse-

276 1273 305 1291 vel
317 1272 420 1291 minimum
435 1272 474 1291 sive
486 1272 504 1290 in
517 1272 616 1297 dignitate,
631 1272 670 1290 sive
682 1272 701 1290 in
713 1271 796 1290 fortunis
811 1271 921 1290 detrimenti
936 1271 1021 1296 accipiat.
1036 1271 1088 1290 Bene
1100 1271 1161 1290 valere

265 1303 288 1322 R.
302 1303 396 1322 Dtionem
410 1307 464 1328 opto.
480 1303 551 1322 Datum
566 1303 581 1321 ll
596 1302 693 1322 Octobris.

266 1367 298 1395 ⁴89.
504 1376 675 1400 Siqismundo
688 1376 810 1400 Augusto
824 1376 888 1400 Regi
900 1375 910 1395 ¹.

797 1422 830 1441 Er
845 1422 955 1447 saeawiany,
971 1423 983 1441 4
999 1422 1088 1441 Octobris
1103 1423 1159 1441 1552.

290 1459 401 1484 Stephanus
415 1459 516 1478 Valachiae
531 1459 628 1478 Palatinus
642 1465 652 1478 a
666 1459 711 1482 suis,
726 1459 753 1478 uti
768 1459 833 1478 scribit
845 1459 867 1478 V.
879 1459 935 1483 Mtas,
950 1465 1015 1477 caesus
1030 1463 1063 1482 est,
1077 1458 1144 1477 Petrus
1154 1458 1161 1471 ²

264 1497 292 1510 em
316 1495 428 1509 nostrorum
450 1491 553 1509 hominum
576 1490 653 1515 privaris
673 1490 757 1509 consiliis
775 1490 846 1515 pariter
867 1494 885 1509 et
904 1490 1003 1515 praesidiis
1025 1489 1114 1509 suffectus
1136 1489 1161 1508 ad

264 1588 266 1590 -
289 1580 338 1600 Drugi
350 1580 396 1600 udpis
408 1580 445 1595 listu
454 1579 484 1600 789
495 1579 567 1599 znajdusse
578 1579 600 1599 sie
611 1579 655 1594 takie
667 1584 681 1594 w
690 1573 759 1594 kodexie'
768 1579 894 1599 wspdlczesnyrn
906 1578 993 1598 biblijoteki
1004 1577 1119 1597 Jagieuofiskiej
1128 1578 1160 1598 pod

288 1606 337 1621 Nrern
352 1605 379 1626 175
391 1606 402 1624 l,
413 1609 440 1621 atr.
453 1610 472 1620 ιο
479 1614 497 1616 ᾈ
505 1605 529 1624 23,
540 1605 578 1625 sltqd
590 1605 657 1625 wythek
665 1610 673 1620 z
682 1605 728 1625 niego
739 1605 787 1625 podnl
798 1605 820 1619 dr.
829 1605 841 1619 J.
850 1604 911 1624 Szujiki
923 1609 937 1619 w
945 1604 1034 1624 Scriptores
1045 1609 1074 1619 rer.
1087 1603 1161 1622 Pnlonie,

289 1632 293 1647 l
305 1631 331 1647 86.
349 1631 400 1652 Odpis
411 1635 437 1647 ten
451 1632 508 1651 zgndzn
520 1632 543 1651 sie
553 1632 577 1646 tel
592 1631 640 1651 dosyc
652 1636 659 1646 z
671 1631 724 1651 kopijq
737 1636 752 1646 w
764 1635 827 1651 naszym
841 1630 927 1650 reltopisie,
938 1635 946 1645 z
957 1630 1046 1650 wythkiem
1063 1629 1109 1649 mniej
1124 1634 1160 1644 znu-

288 1657 348 1679 cznyth
360 1657 462 1678 jezykowych
474 1657 558 1673 odmianek
570 1657 588 1677 (‚,
601 1657 625 1677 ¹¹),
637 1657 728 1676 wuiniejsza
740 1657 789 1677 tylko,
805 1657 822 1672 ze
833 1661 843 1671 o
855 1656 899 1671 dziefi
911 1656 999 1676 pdz‘niejsze
1012 1660 1037 1671 mn
1048 1656 1109 1671 datum:
1127 1655 1159 1674 „Ex

288 1684 363 1699 Stnwinni
374 1688 416 1702 mre,
427 1683 452 1699 die
465 1683 472 1698 5
485 1683 559 1699 Octobris
573 1683 626 1698 15522.

264 1710 268 1720 ¹
287 1710 368 1725 Pincerna.
380 1709 498 1728 Orzechowski,
510 1709 583 1728 Annales,
594 1712 620 1725 str.
636 1708 664 1724 128
676 1709 680 1724 i
692 1714 706 1724 n.
