1465 2093
541 199 682 214 ammonui-m
694 200 756 217 mm,
769 199 827 213 uum.
1120 193 1157 218 287

265 259 274 271 u
286 252 326 277 quia
341 258 381 271 non
395 252 458 271 nudus
475 252 512 271 huc
527 258 589 276 neque
609 258 667 276 egens
686 252 758 274 veniet,
778 252 811 270 sed
826 251 905 276 opibus,
919 255 940 269 ut
954 256 1017 275 spem,
1032 255 1050 269 et
1063 250 1158 269 thesauris

264 288 372 308 cumseptus,
386 283 419 308 qui
433 283 517 302 thesauri
532 287 576 307 post
589 284 630 307 ejus
644 283 729 305 obitum,
747 282 830 301 hominis
845 282 899 301 omni
913 288 992 306 prorsus
1007 282 1158 306 propinquitate,

264 321 273 333 -ε
284 315 368 338 scientia,
388 315 459 336 orbati.
480 315 499 333 in
514 321 582 332 manus
597 315 619 333 V.
635 315 698 333 Mtatis
715 314 781 338 procul
800 314 859 332 dubio
874 313 1000 338 pervenirent.
1024 313 1061 331 Sed
1077 313 1100 331 de
1114 313 1158 335 hoc,

268 346 307 368 dixi,
326 350 403 370 tempus
419 346 496 364 dabitur
513 350 579 371 postea
597 346 727 367 consultandi·¹
748 351 799 363 nunc
813 345 837 363 ‹Ie
852 344 870 362 S.
886 344 923 362 Sua
939 350 1004 362 sorore
1020 344 1079 368 Illque
1099 344 1158 368 ipsius

264 384 276 399 u,
288 382 355 401 nepote
370 384 412 399 suo,
427 383 466 395 non
481 382 532 395 extra
548 383 587 395 rem
607 377 672 395 fecerit
686 376 770 395 fortassis
785 376 806 394 V.
822 376 878 397 Mrus,
891 376 906 394 si
921 375 940 393 i=I
956 375 1029 398 fecerit,
1045 376 1097 400 quod
1115 381 1158 394 cen-

266 409 345 427 .I)atum
362 409 463 430 Miechovi,
478 409 510 426 VII
525 409 608 427 Ianuarii
624 408 694 426 MDLI.

264 476 296 495 368.
455 477 562 496 Nicolao
576 476 747 497 RadziViloni,
761 476 827 494 Duci
842 476 932 494 Olioae.

833 522 944 544 Volboriar,
960 523 983 540 14
996 523 1090 541 Januarii
1105 523 1159 541 1551.

291 560 328 578 Etsi
348 560 396 578 nihil
410 564 438 578 est
452 566 507 583 sane,
528 560 546 577 in
562 566 601 584 quo
620 565 657 577 non
675 560 727 584 apud
742 565 772 577 nie
786 559 892 583 plurimum
907 559 1002 577 autoritati
1018 559 1040 577 V.
1060 559 1086 577 Ill.
1102 559 1159 577 Mtiae

265 595 328 613 matur.
348 595 413 609 tamen
428 591 447 609 in
462 591 499 609 hoc
514 591 550 609 istu
564 590 660 615 Magnifici
676 591 714 609 Dni
729 590 845 609 Visliciensis
866 590 985 608 Castellani¹
1005 590 1092 615 negotio,
1107 591 1160 615 cujus

264 622 277 641 hi
290 622 371 641 hominis
385 628 429 641 cum
444 626 516 641 ceterae
532 622 617 644 virtutes,
632 626 672 640 tum
688 628 743 640 amor
757 621 835 646 quidem
850 627 894 646 erga
909 627 939 640 me
953 627 975 640 ac
989 622 1074 640 stu-{ium
1094 622 1159 646 singu-

264 659 271 671 e
282 654 332 672 valde
351 654 449 678 probatur,
464 653 601 672 demonstrabo
616 653 667 671 idem
680 653 733 676 illud,
745 659 803 677 quarn
818 657 886 677 potero
899 653 986 671 maxime,
999 653 1097 671 Praestare
1109 657 1160 672 certe

264 691 270 703 ῑ
285 685 344 703 adhuc
364 689 451 709 tempore
465 691 486 703 ac
501 685 529 703 vel
544 684 630 709 polliceri
649 684 716 703 saltem
738 684 784 702 nihil
805 690 883 708 possum
904 684 1011 708 ejusnwdi3
1035 691 1078 703 nam
1099 691 1160 709 quum

264 717 312 734 ndurn
328 717 374 735 mihi
390 716 485 741 possessio
499 722 533 741 per
547 716 610 734 literas
626 715 722 734 Romanas
737 716 760 734 sit
774 715 877 740 assignata,
895 721 958 740 neque
973 716 1056 734 rationes
1074 716 1160 741 explora-

265 762 269 769 ,
280 748 323 772 quid
335 754 388 766 meae
401 754 431 765 nie
443 748 558 766 necessitatis
573 753 628 766 causa
644 747 725 765 retinere
739 751 834 771 oporteat,
849 747 895 771 quid
911 747 976 765 umicis
991 747 1083 771 impartiri
1098 747 1159 769 liceat,

274 783 291 797 ut
303 785 366 803 neque
380 779 447 797 deceat
466 785 527 803 neque
546 779 609 801 libeat,
624 779 648 797 ‹Ie
663 778 708 803 ipsis
723 784 753 796 ine
768 784 819 796 nunc
834 778 889 797 bonis
904 778 949 797 certi
964 778 1036 803 aliquid
1051 779 1160 797 decernere.

264 810 278 828 ld
290 810 375 834 profecto
391 809 479 833 efficiam,
494 814 515 828 ut
528 816 588 834 quum
603 810 641 834 jam
661 809 802 834 possessionem
821 809 948 834 Episcopatus
968 809 1100 828 Romanarum
1120 810 1161 828 lite-

266 847 292 859 um
306 842 323 860 vi
338 847 415 866 cepero,
430 847 529 866 quumque
544 841 588 859 satis
604 847 680 859 mensae
695 847 748 859 meae
763 847 819 859 usum
831 845 889 865 atque
904 840 1034 859 necessitatem
1050 841 1161 865 providero,

264 873 302 897 quid
318 873 354 891 erit
368 872 469 897 ejusmodi,
485 872 536 897 quod
550 872 568 890 in
583 872 655 891 amicos
670 872 751 890 conferri
766 872 831 896 possit.
847 872 865 890 in
878 878 901 890 eo
913 878 1002 896 magnam
1018 878 1049 890 me
1063 872 1161 890 literarum

266 910 285 922 ue
298 904 405 922 autoritatis
420 903 442 922 V.
458 903 484 921 Ill.
499 903 556 922 Mtiae
571 903 665 922 rationem
680 903 768 921 habuisse
783 907 871 922 testatum
888 903 961 921 faciani.
985 903 1022 921 Diu
1038 903 1086 921 bene
1101 904 1162 921 valeat

269 935 291 953 Ill.
306 936 359 953 Mtia.
376 935 444 953 Datum
460 935 503 953 XIV
518 935 608 956 Ianuarii,
624 934 726 952 Volboriae
741 934 810 952 MDLI.

265 1003 297 1022 ιῦξ),
334 1003 431 1022 Joanni
446 1003 539 1021 Comiti
554 1003 581 1021 in
595 1003 715 1024 Tarnow.
730 1002 875 1021 castellano
890 1003 1059 1022 cracoviensi.

838 1049 946 1072 Volboriae,
962 1050 985 1067 M
999 1049 1092 1068 Januarii
1107 1051 1161 1068 7551.

291 1087 342 1105 Cum
358 1093 393 1111 pro
407 1086 475 1111 quovis
490 1086 569 1104 humine
584 1086 693 1104 intercessio
704 1086 727 1104 V.
740 1086 767 1104 Ill.
779 1085 836 1104 Mtiac
851 1086 973 1104 vehementer
987 1086 1038 1110 apud
1052 1092 1081 1104 me
1096 1087 1163 1109 valeat,

265 1125 270 1137 1
284 1124 320 1143 pro
341 1118 444 1142 Magnifico
460 1118 504 1136 Dm>
519 1118 624 1136 Vis-liciensi
645 1117 753 1135 Castelluno
774 1123 822 1141 quae
844 1123 905 1141 nuper
921 1121 949 1135 est
963 1117 1022 1139 facta,
1036 1124 1057 1136 ea
1071 1123 1127 1136 suum
1143 1122 1164 1136 ut

264 1156 292 1168 sm
308 1149 403 1172 obtineat,
421 1149 471 1167 dabo
486 1155 564 1167 ornnem
579 1155 664 1173 opernm.
685 1149 747 1167 Velim
762 1153 837 1171 autem,
857 1155 922 1167 secun-i
937 1148 959 1167 V.
975 1148 1001 1167 Ill.
1016 1149 1063 1167 Mxia
1084 1153 1163 1174 reputet.

264 1187 301 1199 :rea
316 1181 362 1199 dum
378 1180 424 1198 mihi
445 1180 507 1198 Roma
527 1180 591 1198 literae
611 1186 650 1198 non
670 1180 774 1198 afferuntur
794 1180 879 1204 dumque
898 1186 936 1198 non
954 1185 1060 1204 cognosco,
1080 1180 1126 1205 quid
1141 1187 1163 1199 ex

265 1213 300 1231 bus
316 1212 372 1231 bonis
387 1212 493 1236 proveniat,
509 1218 558 1236 quae
570 1212 614 1233 sint,
629 1212 700 1236 quibus
714 1217 777 1230 carcre
789 1211 829 1235 ipse
842 1217 943 1235 nequeam,
958 1217 1015 1235 quae,
1031 1212 1101 1236 quibus
1116 1212 1163 1230 ami-

269 1243 395 1262 commodare
410 1244 492 1268 possim,
507 1249 569 1267 neque
585 1249 614 1261 rne
629 1244 686 1267 possi:
706 1248 769 1267 neque
783 1243 860 1265 decere,
874 1243 893 1260 in
909 1248 1044 1267 quamcunque
1065 1243 1163 1261 bonorum

265 1281 307 1293 rum
328 1275 513 1293 administrationem
528 1281 569 1292 sese
584 1274 676 1299 ingerere.
701 1274 790 1298 Acceptis
810 1274 893 1298 primurn
915 1274 972 1298 igitur
992 1274 1053 1292 Rorna
1074 1274 1132 1292 literis
1146 1279 1165 1292 et

264 1306 334 1331 spectis
349 1306 444 1324 bonorum
460 1312 481 1324 ac
495 1306 639 1330 possessionum
655 1306 767 1327 rationibus,
782 1305 796 1323 si
812 1305 857 1329 quid
872 1305 913 1327 crit,
928 1311 967 1329 quo
982 1305 1048 1324 amicis
1062 1305 1163 1330 gratificari

264 1344 308 1359 eam,
323 1337 423 1356 habebitur
437 1343 481 1355 sane
496 1337 544 1355 ratio
559 1337 699 1355 intercessionis
713 1337 736 1355 V.
749 1336 776 1354 Ill.
791 1336 849 1354 Mtiae
863 1342 898 1360 pro
913 1336 956 1355 Dno
969 1336 1075 1355 Visliciensi
1090 1336 1162 1355 Castel-

264 1375 281 1392 ο,
296 1375 355 1393 quern
370 1375 405 1393 ego
420 1369 482 1387 virum
500 1372 518 1386 et
532 1368 589 1390 illius,
604 1374 662 1392 quarn
677 1368 734 1386 habet
746 1374 790 1386 curn
805 1367 827 1386 V.
843 1367 870 1386 111,
885 1368 930 1386 Mtia
946 1368 1097 1390 necessitudinis,
1112 1372 1130 1386 et
1145 1368 1163 1386 in

276 1400 348 1419 amoris
362 1406 383 1418 ac
398 1400 542 1418 benevolentiae
557 1406 620 1421 causa.
634 1406 679 1418 :uuo
694 1399 805 1424 plurimum.
828 1399 900 1417 Interea
916 1405 978 1417 meam
997 1399 1045 1418 hanc
1060 1399 1164 1418 excusatio-

264 1438 275 1450 n
289 1432 346 1456 aequi
361 1431 407 1449 boni
421 1431 502 1455 accipiat
516 1431 538 1449 V.
554 1431 580 1449 Ill.
595 1431 651 1453 Mna,
669 1437 718 1455 quae
733 1431 812 1455 longum
828 1431 876 1449 bene
890 1431 957 1449 valeat.
971 1430 1041 1449 XXIIII
1052 1430 1060 1443 ²
1074 1430 1164 1453 januarii,

264 1463 342 1481 lboriae.

264 1531 303 1550 ΠΟ.
357 1531 478 1550 Andreae
492 1530 644 1552 Duchnieki,
659 1530 851 1549 Arohidiacono
865 1530 1039 1549 Pomeraniae.

841 1577 950 1600 Volboriae,
964 1578 989 1595 10
1002 1577 1096 1596 Ianuarii
1109 1578 1164 1596 1551.

296 1615 329 1633 Est
343 1614 369 1633 ita
383 1614 472 1639 quidem,
492 1614 544 1639 quod
559 1614 684 1638 praestandae
703 1618 780 1638 tempus
793 1613 891 1638 pensionis
909 1613 997 1632 nondum
1011 1613 1075 1637 venit;
1089 1614 1123 1633 sed
1137 1618 1165 1633 ta-

265 1653 278 1665 n
296 1646 388 1671 quoniam
402 1646 503 1670 plerasque
518 1652 552 1664 vus
564 1646 654 1664 decumas
667 1649 766 1670 praesente
780 1644 860 1669 pecunia
875 1645 982 1663 vendidisse
996 1644 1043 1668 scio,
1055 1648 1073 1663 et
1084 1645 1165 1669 pecunia

269 1699 274 1708 ¹
296 1698 383 1713 Sebastiani
395 1698 472 1713 Mielecki.
535 1698 541 1708 ²
556 1697 588 1713 Sic!
600 1696 675 1717 powinno
687 1697 716 1718 hyl·
729 1697 795 1716 „xlma
