1465 2093
479 192 621 207 mum-omum
635 193 696 211 mem,
709 193 816 207 Aluummx,
1075 194 1113 213 439

178 246 238 264 cobus
253 245 387 264 Erdzesuwski
400 246 411 269 ¹,
427 245 532 264 Stanislaus
547 245 615 268 Tarlo,
630 245 716 264 Julianus
731 245 839 269 Chelmski,
857 245 963 264 Stanislaus
977 245 1114 271 Olijesnijczki‚

178 277 271 295 Nicolaus
291 276 407 299 Zamoski2,
428 276 514 301 Raplme'l
534 276 674 299 Chotherzki³,
694 276 767 301 Casper
784 276 897 299 Podlanski,
918 277 1023 296 Stanislaus
1042 277 1114 301 Borek,

178 308 296 326 Benedictus
311 308 445 333 lszdbijenski,
465 307 571 326 Stanislaus
585 308 699 326 Slumowski
709 308 722 331 ⁸,
742 308 812 326 Paulus
833 307 951 331 Crasowski,
970 308 1064 327 Melchior
1078 309 1114 327 So-

179 340 223 361 bek,
239 339 334 364 Georgius
349 339 467 362 Miskowski,
483 339 560 358 Samuel
574 339 716 364 Maczejowski‚
731 339 811 357 Praelati
827 343 846 357 et
860 339 961 362 Canonici,
975 340 1035 358 literis
1049 340 1114 364 provi-

179 371 258 389 stonum
273 371 317 389 Rmi
332 370 352 389 in
367 370 430 389 Cristo
445 371 504 395 patris
519 370 556 389 Dni
572 370 622 389 Petri
633 371 645 393 ⁵,
663 370 753 395 Episcopi
768 370 910 393 Cracoviensis,
925 377 959 395 per
973 371 1113 389 Honorabilem

180 402 278 420 'rhomam
294 402 317 420 de
331 401 428 426 lgolomia‚
444 402 541 420 Vicarium
555 401 650 420 Ecclesiae
665 401 777 420 cathedralis
793 401 932 425 cracoviensis,
948 402 1040 427 requisiti,
1052 402 1114 421 Vene-

179 433 261 452 rabilem
277 434 341 451 Dnum
357 434 454 451 Andream
468 433 627 458 Zebrzydowski.
641 433 740 451 Decanum
756 433 931 456 Lanczicziensem,
951 433 1055 452 nobilitatis
1069 440 1114 452 suae

179 465 308 489 propaginem
331 464 413 483 evidenti
434 465 546 483 testimonio
569 464 609 482 RR.
625 468 643 482 et
657 464 799 482 Venerabilium
821 464 907 483 virorum
927 471 948 483 ac
970 465 1058 483 Dnorurn
1081 465 1114 483 Ni-

179 495 230 514 colai
250 495 352 514 Bedlenski
376 495 481 517 Scolastici,
504 495 592 513 Thomna
608 495 724 513 Roznowski
739 494 834 513 Canonici
853 496 1004 520 approbantem,
1020 496 1114 514 mandatis

179 527 267 551 ejusdem
283 527 326 545 Rmi
342 526 474 545 Cracoriensis
495 530 594 550 parentes,
618 526 636 544 in
651 526 756 544 Ecclesiam
776 531 895 551 acceptantes
915 527 1041 550 induxerunt,
1063 528 1113 551 jura-

178 562 286 582 mentoque
301 558 324 576 de
338 558 461 576 observandis
481 558 561 576 statutis
581 557 676 576 Ecclesiae
691 558 714 575 ab
730 558 798 576 eodem
819 562 908 582 suscepto
923 558 941 576 in
957 558 1033 576 sinistro
1053 558 1113 577 choro

178 589 247 608 locum
261 593 280 607 et
293 595 360 607 vocem
380 589 398 607 in
420 588 511 613 capitulo
531 594 574 607 cum
595 588 714 613 plenitudine
734 588 779 613 juris
800 589 887 607 canonici
907 589 1061 613 assignaverunt,
1081 589 1114 614 qui

178 620 261 645 quidem
276 620 370 639 Dominus
384 620 425 644 jura
437 620 532 639 Ecclesiae
544 620 563 638 in
576 626 644 638 manus
659 619 807 638 procuratorum
820 620 857 644 jam
869 620 960 644 persolvit
974 620 1113 645 praesentibus.

206 692 252 712 819.
389 694 509 713 Andreae
526 693 678 712 zebridovio
695 693 882 717 sigismundus
899 693 918 715 Ι,

539 724 596 744 Rex
612 724 734 743 Poloniae
746 724 757 743 ¹¹.

753 771 870 794 Cracoviae,
884 772 912 789 26
925 771 1041 790 Novembris
1055 772 1112 790 1542.

244 808 363 827 Venerabilis
378 812 412 827 etc.
428 808 447 827 Si
462 808 487 826 ita
502 812 535 831 cst,
550 812 570 826 ut
585 808 641 826 nobis
655 807 783 830 renunciatur,
800 808 854 832 quod
868 808 887 826 in
903 807 976 826 Srzoda
990 808 1048 832 pestis
1062 814 1114 833 gras-

182 844 243 863 setur,
257 840 399 859 communicato
413 840 494 858 consilio
509 846 552 858 cum
568 839 596 862 iis,
616 845 699 864 quorum
714 839 790 863 copiam
806 839 877 858 habere
891 839 982 864 potuerit,
1003 839 1065 864 Regni
1080 846 1114 858 no-

184 871 214 890 nri
229 871 356 889 Senatoribus
371 875 389 889 et
404 871 532 894 Consiliariss,
546 871 570 888 ad
585 876 634 895 quos
648 876 669 889 ea
684 870 707 888 de
722 876 741 889 re
755 870 877 894 scripsimus,
893 870 1007 889 Posnaniam
1022 870 1114 889 Dtionem

184 906 234 921 tuam
254 902 348 927 proficisci
363 906 381 920 et
395 902 421 920 ibi
441 902 530 920 mandata
551 906 615 920 nostra
635 902 724 920 volumus
746 907 847 926 exponere.
863 901 933 920 Datum
954 901 1064 925 cracoviae,
1083 902 1114 920 die

184 933 242 952 XXVI
258 933 374 952 Novembris
389 933 485 952 MDXLll.
503 931 505 934 ”

208 1007 251 1027 820.
423 1008 529 1031 Legatio
546 1007 580 1026 ad
598 1007 796 1026 ferdinandum
814 1007 874 1026 data

470 1039 590 1058 Andreae
607 1038 810 1061 zebrzydowski
819 1038 831 1057 ⁷.

822 1085 937 1107 Cracoviae,
951 1085 978 1103 28
991 1085 1042 1110 Maji
1057 1085 1114 1104 1543.

244 1118 350 1147 Legatio'a
365 1122 417 1147 Rege
437 1121 529 1140 Poloniue
550 1125 602 1146 patre
617 1122 641 1140 ad
656 1121 798 1140 Ferdinundum
819 1122 891 1146 Regem
912 1122 954 1140 data
973 1122 1060 1140 Andreae
1080 1121 1114 1140 Ze-

182 1153 312 1179 brzydowski.
327 1154 425 1178 Episcopo
440 1153 585 1176 Camenecensi,
600 1152 703 1171 Cracoviae
719 1153 742 1171 28
758 1153 802 1177 Maji
822 1154 875 1177 ¹543·

245 1185 290 1207 Quo
305 1185 370 1203 studio
389 1184 445 1203 fuerit
465 1190 541 1209 semper
561 1184 697 1202 Serenissimus
715 1184 806 1208 Princeps
826 1190 870 1209 erga
884 1184 962 1203 Mtatem
978 1184 1007 1207 V.‚
1024 1190 1115 1209 quanque

178 1215 211 1234 illi
224 1222 245 1234 ex
260 1216 326 1234 animo
346 1215 421 1238 faverit,
441 1219 463 1234 ut
477 1215 586 1240 Hungarine
607 1215 675 1240 Regno
695 1215 799 1239 potioetur,
818 1215 863 1234 satis
877 1215 915 1240 jam
930 1215 1005 1234 abunde
1025 1219 1114 1234 testatum

178 1245 239 1265 fuisse
254 1247 273 1265 S.
289 1247 343 1265 Mtati
357 1247 380 1265 V.
395 1247 475 1265 videtur.
491 1247 539 1265 Nam
555 1252 614 1271 quum
634 1246 769 1265 Serenissimae
784 1246 834 1265 filiae
852 1246 901 1265 Suae
911 1247 919 1259 ³
936 1246 1068 1265 honestissime
1083 1252 1114 1265 cu-

179 1282 242 1302 peret,
257 1284 317 1303 quum
332 1278 352 1296 in
367 1282 457 1302 nepotem
473 1284 495 1296 ex
510 1278 539 1296 illa
555 1284 612 1296 suum
626 1278 698 1300 suavis,
713 1284 771 1302 quam
786 1278 823 1296 dici
838 1283 904 1302 quent,
918 1278 988 1296 effusus
1003 1282 1060 1301 esset,
1075 1284 1114 1296 non

178 1311 257 1328 fantum
271 1313 336 1328 tamen
350 1310 401 1334 apud
416 1310 495 1328 Mtatem
511 1309 551 1333 ejus
565 1309 624 1327 valuit
638 1315 681 1333 erga
696 1309 820 1327 suavissimos
834 1309 905 1328 liberos
922 1313 1001 1333 paterna
1015 1308 1114 1332 affectatio,

179 1344 242 1364 quum
256 1340 278 1359 V.
294 1340 373 1358 Mtatem
388 1340 462 1365 potius,
482 1346 540 1365 quarn
554 1340 597 1358 illos
612 1346 698 1364 praeesse
713 1340 781 1364 Regno
796 1340 907 1365 Hungariae
926 1344 1044 1365 peroptaret,
1062 1340 1114 1364 quod

179 1375 262 1396 propter
276 1376 295 1390 et
308 1377 362 1390 suem
383 1376 401 1390 et
421 1371 540 1390 Serenissimi
560 1375 578 1390 et
600 1371 759 1389 Excellentissimi
777 1371 839 1389 fratris
858 1371 886 1389 sui
912 1371 1034 1389 autoritatem
1052 1371 1071 1389 id
1086 1377 1114 1389 ra-

180 1401 267 1421 tionibus
282 1403 332 1421 illius
347 1403 408 1427 Regni
423 1402 530 1421 conducere
545 1409 601 1427 posse
616 1408 728 1427 persuasum
743 1403 831 1421 habebat.
852 1402 917 1427 ltaque
932 1409 970 1421 non
985 1403 1022 1421 alio
1036 1402 1115 1421 consilia

180 1437 217 1452 sua
230 1434 302 1457 omnia,
317 1440 375 1458 quam
390 1434 414 1452 nd
428 1433 479 1452 hunc
494 1440 575 1458 scopum
590 1434 694 1458 defigebat,
709 1438 729 1452 ut
741 1434 805 1458 quoad
820 1434 860 1458 ejus
875 1434 915 1452 fieri
930 1438 1001 1458 posset,
1016 1434 1061 1452 citra
1073 1433 1114 1458 pul-

182 1468 253 1488 verem,
268 1465 321 1490 quod
332 1465 392 1490 ajunt,
404 1465 423 1483 S.
435 1465 484 1483 Mtas
496 1465 518 1483 V.
532 1465 620 1489 Regnum
635 1465 746 1489 Hungariae
761 1465 870 1483 universum
886 1466 921 1484 sub
935 1469 1048 1490 potestatem
1061 1471 1114 1483 suam

183 1496 312 1521 subjungeret.
338 1496 405 1521 Neque
419 1496 471 1515 aliud
485 1500 506 1514 ut
521 1496 590 1514 faceret
609 1497 658 1515 Mtas
672 1497 701 1519 V.‚
716 1501 772 1515 autor
789 1497 815 1515 illi
831 1503 907 1521 semper
925 1496 968 1519 fuit,
987 1502 1044 1521 quam
1062 1496 1115 1520 quod

185 1525 223 1551 ipsa
237 1528 287 1546 Mtas
301 1527 381 1546 Domini
396 1527 443 1548 mei,
457 1528 472 1546 si
487 1528 556 1546 eodem
571 1527 613 1546 loco
628 1531 686 1551 esset,
706 1528 778 1546 factura
793 1527 858 1546 fuisset
872 1528 906 1551 ita,
924 1532 943 1546 ut
957 1528 993 1546 sibi
1008 1528 1052 1552 ipsi,
1066 1533 1115 1552 quae

187 1558 235 1577 dedit
246 1559 302 1577 Mtati
311 1558 341 1582 V.‚
351 1558 436 1577 fideliora
448 1559 492 1577 dare
507 1559 585 1577 consilia
598 1565 636 1577 non
650 1559 744 1583 potuerit,
759 1564 809 1583 quae
823 1559 901 1583 quidem
914 1565 936 1578 ex
948 1559 999 1577 bono
1011 1563 1029 1577 er
1040 1558 1114 1577 sincero

218 1637 222 1647 ¹
244 1636 278 1652 Sic!
292 1642 312 1650 =
324 1636 433 1651 Arciszewski.
496 1636 502 1647 ²
517 1636 601 1655 anojsk'e
664 1637 671 1647 ⁸
686 1636 719 1651 Sic!
732 1643 751 1650 =
763 1636 844 1652 Chotccki.
908 1637 914 1647 ⁴
929 1636 962 1651 Sic!

214 1663 221 1673 ⁵
242 1662 323 1678 Tomicki.
386 1662 392 1673 ¹
407 1662 446 1677 Teki
459 1662 577 1677 Naruszewiczn
589 1667 601 1677 r.
616 1662 659 1681 1542,
671 1663 704 1677 LIX
719 1662 751 1678 138.

215 1689 222 1699 ⁷
243 1689 262 1704 Ι..
276 1693 290 1704 c.
302 1693 315 1704 r.
328 1688 371 1708 1543,
383 1688 410 1703 Lx
423 1688 447 1704 26.
510 1688 517 1699 θ
532 1688 612 1704 isabellae.
