1465 2093
531 143 671 158 misronfflmt
685 144 746 161 mum,
760 144 817 157 unm.
1108 140 1143 162 345

205 196 256 215 sicut
267 202 308 214 non
320 196 403 219 suerunt,
416 201 464 220 quae
476 196 643 214 Bolechovicensis
655 195 728 220 praedii
741 195 866 214 donationem
877 195 1069 220 comprehenderent,
1081 200 1145 214 tamen

206 234 244 252 ego
259 228 289 246 his
304 234 335 246 me
352 231 391 246 tam
409 231 459 246 arcte
477 227 538 246 teneri
557 233 596 245 non
614 232 710 252 putarem,
730 231 750 245 ut
765 227 816 245 nulla
835 227 908 245 ratione
926 231 1008 246 statuere
1027 227 1073 246 mihi
1091 227 1144 246 aliter

206 265 249 277 non
263 259 335 277 liceret.
361 259 421 277 Natus
435 258 455 277 in
471 258 552 277 Polonia
567 264 619 281 sum,
637 258 698 277 causis
712 258 819 283 judicandis
833 262 851 277 et
865 258 939 283 praefui
954 258 994 283 ipse
1008 264 1048 277 non
1063 264 1113 281 raro,
1129 262 1147 277 et

209 296 269 314 saepe
286 290 339 315 apud
356 289 452 308 Tribunal
469 289 512 308 Divi
530 290 614 314 parentis
629 290 651 308 V.
666 289 730 308 Mmtis
747 289 855 314 ispsiusque
872 289 929 308 etiam
943 290 965 308 V.
980 289 1045 308 Mtatis
1063 289 1150 317 interfui,

207 328 273 346 neque
292 321 331 340 vidi
349 327 446 346 unquam,
465 327 500 340 nec
518 321 581 339 audivi
601 321 685 346 cuipiam
700 321 725 339 ob
740 321 857 345 promissum
876 321 926 339 diem
945 321 1021 339 dictam.
1046 321 1084 339 Sed
1099 321 1145 339 haec

206 357 250 371 utut
264 352 312 376 sint,
326 352 382 371 cedat
395 353 480 377 primum
495 352 574 377 praedio
590 358 633 371 meo
648 352 703 371 Dnus
719 352 845 375 castellanus,
863 352 908 371 hinc
922 352 937 370 si
951 352 1054 376 videbitur,
1076 358 1106 371 me
1120 353 1145 370 ob

206 384 282 403 dictum
298 384 317 402 in
332 384 362 408 jus
375 388 441 407 vocet;
460 387 506 402 sunt
522 383 570 402 mihi
588 383 629 402 Deo
645 383 705 408 gratia
722 383 752 401 vel
770 387 859 408 paternae
874 383 903 401 vel
918 383 1054 402 ecclesiasticae
1071 390 1145 408 posses-

207 415 279 438 siones,
294 415 346 434 unde
360 415 379 433 in
394 415 423 440 jus
437 415 501 433 vocari
516 421 592 439 queam.
607 414 634 433 lta
649 420 678 433 res
692 415 707 433 si
722 414 763 433 sine
777 415 823 439 juris
837 414 917 439 strepitu
932 415 1023 439 componi
1038 421 1095 439 posse
1108 421 1148 433 non

208 446 292 470 videtur,
306 446 380 471 legibus
395 450 452 471 atque
466 446 535 465 ordine
549 446 636 470 legitimo
649 449 783 470 componatur,
798 450 816 464 et
830 446 978 464 contentionum
991 446 1078 465 omnium
1090 450 1149 470 caput

209 478 338 502 praecidatur.
360 478 436 500 Quibus
451 478 504 502 quod
524 477 573 495 Mtas
588 477 609 495 V.
625 477 643 495 S.
659 477 707 495 inter
725 477 827 496 Senatores
841 477 948 495 orientibus
963 477 1057 496 infensam
1075 483 1095 495 se
1109 483 1149 496 esse

196 509 281 532 'scribit,
296 509 366 527 merito
380 509 431 532 sacit,
446 509 479 527 sed
493 508 525 532 ita,
540 509 555 527 si
570 515 608 527 non
624 513 662 526 tam
678 508 700 526 iis
714 508 787 526 infensa
802 508 864 532 fuerit,
880 508 913 533 qui
928 515 958 527 eas
973 508 1025 527 inviti
1041 508 1147 533 perferunt,

210 546 267 565 quam
282 540 312 564 iis,
327 541 360 565 qui
375 546 451 559 causam
467 546 533 559 earum
547 540 622 558 dedisse
637 540 759 558 videbuntur.
783 540 825 564 Ego
840 540 859 558 in
873 540 911 558 hoc
925 546 994 564 genere
1009 544 1027 558 et
1042 540 1089 565 quid
1104 546 1146 564 per>

210 578 278 590 sonam
293 577 356 590 meam
371 572 447 595 deceat,
462 575 480 590 et
494 571 541 596 quid
555 577 584 589 res
599 577 638 589 non
654 571 746 595 requirat,
761 570 853 595 intelligo⁴
869 570 895 589 lta
908 577 966 595 quum
982 571 1089 595 Episcopus
1103 571 1146 593 sim,

210 609 295 628 pugnarn
317 603 408 625 detrecto,
428 606 446 621 et
465 608 525 627 quum
546 602 688 625 Cracoviensis,
708 608 743 626 pro
763 602 921 620 Bolechovicensi
941 602 1027 626 praedio,
1048 603 1100 626 quod
1120 602 1146 621 illi

211 634 308 653 Ecclesiae
323 638 351 652 est
364 634 475 658 proprium,
490 634 525 652 hac
540 640 570 652 me
585 634 657 652 ratione
672 634 788 653 contendere
802 639 851 657 opus
865 639 906 652 esse
921 640 960 652 non
975 637 1029 658 puto.
1044 634 1066 652 V.
1081 633 1147 658 potius

210 665 227 684 S.
242 665 323 684 Mtatem
342 671 383 688 oro,
404 669 425 683 ut
441 669 460 683 et
478 671 581 689 personam
600 665 647 683 hanc
665 668 683 683 et
697 664 726 689 jus
745 670 810 683 meum
827 664 852 682 ita
869 668 952 687 tueatur,
971 668 993 683 ut
1008 665 1074 683 amicis
1094 665 1148 688 meis,

210 697 276 715 dolore
291 702 336 715 meo
350 696 450 721 permotis,
470 702 547 714 necesse
567 702 608 714 non
622 696 647 714 sit
661 702 705 714 eum
725 696 815 718 militem,
836 702 893 720 quem
911 696 930 715 in
945 696 978 715 illo
993 696 1072 720 praedio
1092 696 1146 715 Dnus

210 727 330 747 Castellanus
350 727 471 746 Brezinensis
489 727 585 746 colocasse
603 727 678 750 dicitur,
698 727 728 745 vel
745 727 809 746 invitis
825 731 910 751 spectare
928 728 957 746 vel
971 733 1067 746 amovere.
1093 728 1147 746 Dnus

209 759 330 778 castellanus
344 765 384 783 quo
398 759 442 777 loco
458 759 481 777 sit
496 759 547 783 apud
562 759 584 777 V.
600 759 690 781 Mtatem,
712 758 803 783 intelligo,
825 759 878 777 bono
894 765 970 783 nempe,
991 759 1027 777 hoc
1041 763 1105 777 autem
1120 763 1147 777 est

208 795 226 809 et
239 790 263 809 V.
278 790 333 809 Mtati
349 790 463 813 necessario,
478 794 496 808 et
510 790 546 808 sibi
561 790 602 808 utili
616 794 674 814 atque
688 789 807 812 honorifico}
825 796 856 808 me
870 790 927 808 etiam
943 790 1005 814 ipsum
1020 790 1096 808 fidelem
1111 790 1145 808 lio·

208 822 281 840 minem
296 825 315 840 et
326 825 444 840 constantem
461 821 488 845 (id
500 821 552 846 quod
565 821 669 845 aliquando
682 820 766 839 fortassis
778 821 822 839 satis
835 821 972 845 demonstravi)
987 821 1052 845 aliquo
1064 827 1144 839 numero

208 853 258 872 inter
268 853 370 872 servitores
381 853 405 871 V.
417 853 481 871 Mtatis
493 853 559 871 haberi
571 852 665 871 existimo.
678 852 755 874 Quaeso
767 852 831 877 igitur,
843 859 866 871 ne
879 853 942 871 bonus
954 853 1008 871 locus
1020 852 1057 870 Dni
1070 852 1143 871 Castel-

207 885 252 908 lani,
268 890 307 909 quo
321 884 403 903 habetur
414 884 466 909 apud
478 884 500 902 V.
513 884 599 906 Mtatem,
613 883 667 906 fidei,
682 883 800 902 constantiae
814 883 925 908 meritisque
940 884 987 902 meis
1001 883 1140 908 praejudicium

208 916 269 934 ullum
284 915 366 939 adferat,
385 915 434 934 sicut
447 922 483 940 ego
498 921 543 934 sane
559 921 598 933 non
613 915 677 939 cupio,
697 914 769 933 meritis
786 915 878 939 cujusque
895 914 962 933 merita
981 921 1022 933 mea
1041 914 1142 939 derogare!

208 947 228 966 Si
242 947 338 965 universis
355 953 377 965 ex
391 953 454 971 aequo
474 947 554 971 gratiam
575 946 667 971 impartiri
682 946 704 964 V.
720 946 768 965 Mtas
789 952 827 964 non
848 950 919 970 potest,
940 952 963 964 ne
980 946 1068 970 patiatur,
1089 946 1144 964 unius

208 979 282 997 meritis
296 978 364 997 merita
378 978 456 997 alterius
471 984 549 1002 prorsus
564 978 644 999 excludi,
659 978 696 996 mei
709 978 765 996 etiam
779 982 799 996 ut
810 978 906 996 servitoris
918 977 946 996 sui
959 978 1073 996 clementem
1087 978 1144 996 ratio-

207 1016 253 1029 nem
271 1009 342 1028 habere
359 1009 454 1034 dignetur,
474 1009 493 1028 id
507 1009 531 1027 ab
546 1009 576 1027 illa
595 1009 651 1027 etiam
669 1013 726 1033 atque
744 1009 811 1030 etiam.
831 1009 900 1027 iterum
917 1013 974 1033 atque
993 1009 1061 1027 iterum
1076 1015 1111 1027 oro
1126 1013 1144 1027 et

207 1047 287 1066 quaeso.
303 1040 341 1059 Cui
356 1047 387 1059 me
401 1040 421 1059 in
435 1040 516 1065 gratiam
531 1040 653 1059 commendo.
668 1040 751 1063 Dibovo,
766 1040 771 1058 l
787 1040 837 1059 Junii
852 1040 921 1059 MDLI.

233 1108 280 1128 656.
462 1109 477 1128 J
478 1109 559 1128 oanni
573 1109 675 1128 oeieski
689 1109 898 1128 Procaneenario.

905 1156 983 1178 Dihom‘,
998 1157 1008 1174 l
1021 1156 1075 1174 ,Ιιιιιίἰ
1091 1157 1143 1174 1551

271 1192 347 1210 Eodem
361 1192 426 1210 animo
440 1196 561 1216 accepturam
577 1192 599 1210 V.
614 1192 680 1210 Mtiam
698 1192 849 1211 admonitionem
865 1199 927 1211 meam
942 1193 1031 1215 arbitror,
1053 1198 1091 1217 quo
1106 1198 1142 1216 ego

206 1224 258 1242 illius
271 1223 390 1241 hortationes
402 1223 487 1248 accipere
498 1224 557 1242 soleo.
571 1223 622 1242 Idem
635 1224 727 1242 indicium
740 1224 816 1249 requiro
828 1230 838 1242 a
849 1224 870 1242 V.
880 1224 926 1242 Mtia
939 1224 957 1242 in
969 1224 1052 1242 amicitia
1064 1224 1142 1244 tuenda.

207 1255 261 1280 quod
276 1255 307 1273 illa
322 1261 360 1273 non
376 1255 400 1273 ita
414 1255 489 1279 pridem
504 1255 522 1273 in
537 1255 585 1273 meis
599 1255 658 1273 literis
675 1255 798 1278 desideravi13
818 1255 895 1277 vellem,
915 1259 934 1274 ut
948 1255 994 1274 inita
1011 1255 1142 1279 subductaque

207 1292 274 1305 seeum
294 1286 375 1309 ratione,
395 1290 489 1310 quantum
504 1292 514 1304 a
529 1292 566 1307 me,
586 1291 679 1311 quantum
695 1287 718 1305 ab
733 1287 773 1305 aliis
790 1291 871 1310 ametur,
891 1291 964 1305 tantum
980 1291 997 1305 et
1012 1293 1042 1305 me
1057 1287 1143 1305 redamet

207 1321 226 1336 et
240 1317 295 1336 alios.
321 1317 416 1342 Equidem
434 1317 529 1340 existimo,
549 1317 574 1336 ita
588 1324 618 1336 me
633 1318 656 1336 ‹le
671 1318 711 1342 ipsa
728 1318 818 1337 meritum
833 1324 880 1341 esse,
900 1322 921 1337 ut
935 1324 974 1336 non
992 1318 1052 1336 modo
1069 1318 1141 1336 amieos

207 1349 311 1367 adversum
326 1354 356 1367 me
371 1354 410 1367 non
425 1348 515 1371 excitare,
535 1355 567 1367 sen
583 1349 639 1367 etiam
657 1349 745 1368 inimicos
760 1354 780 1368 ut
795 1349 885 1368 cohibere
903 1349 977 1368 debeat.
1002 1349 1142 1368 contentiones

207 1384 292 1402 nostrae,
307 1380 371 1398 nescio
386 1385 441 1404 quae,
456 1386 499 1398 cum
511 1380 555 1398 Dno
570 1380 679 1398 Bresinensi
694 1380 803 1399 Castellum,
815 1382 820 1393 ¹
835 1381 854 1399 in
866 1381 934 1405 populi
946 1381 1037 1399 invidiam
1049 1380 1142 1398 adductae

206 1415 259 1434 sunt,
274 1415 295 1429 ut
308 1411 373 1429 scribit
387 1411 409 1429 V.
424 1411 477 1429 Mtia.
495 1411 525 1429 Me
540 1412 593 1435 quod
607 1411 680 1435 attinet,
695 1418 731 1436 ego
747 1413 808 1431 nullas
823 1418 886 1437 neque
900 1412 955 1437 gessi,
976 1418 1038 1436 neque
1053 1411 1141 1433 excitavi3

207 1448 254 1461 nam
268 1442 368 1466 praedium
383 1442 544 1461 Bolechovicense
556 1448 620 1461 meum
633 1443 679 1461 citra
691 1449 769 1461 omnem
783 1443 926 1462 contentionem
938 1443 1023 1468 repetivi,
1038 1442 1140 1461 commissa

205 1479 254 1492 cura
268 1473 329 1497 ipsius
342 1479 385 1492 meo
400 1473 495 1492 Vladario.
511 1473 531 1492 Si
546 1474 592 1498 quid
606 1480 652 1498 ergo
667 1475 814 1493 contentionum
830 1475 870 1497 fuit,
886 1475 905 1493 id
917 1474 969 1499 quod
983 1478 1026 1493 ante
1040 1472 1142 1498 epistolam

207 1505 230 1524 V.
245 1504 305 1523 Mtiae
319 1504 414 1529 ignoravi,
434 1504 453 1523 id
467 1505 490 1523 ab
505 1505 547 1529 ipso
562 1505 605 1524 Dno
620 1505 729 1524 Castellano
747 1506 849 1525 excitatum
866 1506 923 1525 fuisse
941 1511 1017 1524 necesse
1032 1509 1065 1523 est.
1088 1504 1140 1527 Quin

204 1536 265 1561 igitur
282 1536 305 1554 V.
320 1535 376 1559 Mtia,
396 1542 445 1560 quae
462 1536 622 1555 Bolechovicense
639 1537 738 1562 praedium
758 1537 849 1562 Episcopi
868 1544 908 1556 esse
925 1537 987 1560 novit,
1007 1542 1056 1561 quae
1075 1536 1140 1554 Dnum

205 1567 339 1586 Castellanum
355 1571 474 1592 praesentem
492 1567 567 1592 habuit,
587 1574 636 1593 quae
651 1575 681 1588 me
697 1569 744 1588 tueri
759 1569 833 1593 debuit,
848 1569 913 1588 Dnum
928 1568 1059 1587 Castellanum
1073 1568 1140 1586 eadem

241 1641 247 1652 ¹
269 1640 294 1656 ef.
305 1639 341 1655 655.

269 1677 305 1689 m
311 1676 376 1689 romu
384 1676 453 1693 mundun,
460 1678 505 1690 tenu
513 1678 524 1690 1.
1017 1673 1044 1692 44
