1465 2093
274 205 311 223 265
648 210 667 224 Δ,
681 210 842 224 mmowsn.

273 261 309 280 loci
324 265 388 280 evecta
401 261 431 284 sit,
446 261 479 280 ubi
494 261 614 285 industriam,
628 262 725 285 studium,
739 261 892 280 benevolentiam
906 262 946 280 suis
960 262 1053 280 omnibus
1073 263 1149 286 probare
1159 269 1182 287 po·

273 297 315 311 test.
330 293 386 311 Mitto
400 293 451 311 hunc
466 292 593 316 Croczewski,
608 293 719 312 servitorem
735 299 810 316 meum,
826 293 859 317 qui
873 293 974 317 negotium
991 299 1058 312 meum
1072 293 1096 311 de
1110 298 1183 312 monaste-

273 324 305 342 riis
319 324 397 342 desertis
411 324 431 342 in
446 324 565 348 Pomerania,
581 324 662 343 dioecesi
677 331 726 347 mea,
741 328 824 349 exponet
838 324 861 343 V.
875 324 940 343 Mtiae.
960 324 1048 347 Quaeso,
1063 328 1084 343 ut
1097 330 1126 343 me
1144 324 1159 343 in
1169 331 1183 343 ee

272 355 298 373 ita
311 355 363 380 juvet
377 355 399 373 V.
414 355 467 378 Mtia,
482 359 503 373 ut
516 356 675 380 quandoquidem
690 362 700 374 a
715 356 774 374 Mtate
789 356 812 374 R.
831 355 892 380 prima
907 359 925 374 et
939 355 970 374 illa
985 355 1065 380 quidem
1085 356 1151 379 majora
1163 362 1183 374 su-

272 392 306 410 per
320 386 366 404 haec
381 386 414 404 ista
429 386 543 405 monasteria
558 387 712 411 impeti-mimus,
730 387 786 406 etiam
801 387 847 405 haec
861 387 944 411 reliqua,
959 392 1008 411 quae
1022 391 1131 411 supersunt,
1143 387 1184 411 gratia

272 421 329 442 atque
344 417 445 436 autoritate
464 418 486 436 V
502 418 560 436 Mtiae
575 418 705 441 obtineamus,
725 424 764 443 quo
779 418 858 436 nomine
873 424 908 442 ego
922 418 945 436 V.
957 418 1016 437 Mtiae
1030 422 1049 436 et
1065 418 1101 436 alia
1114 418 1184 442 pleraque
1200 426 1201 444 χ

272 449 347 467 debebo
365 452 383 467 et
397 448 433 466 hoc
453 449 563 473 praestabo,
578 450 630 473 quod
646 449 766 468 Croczewski
781 456 825 468 meo
840 450 919 468 nomine
933 449 1008 468 dixerit.
1031 450 1082 474 Agat
1098 453 1162 468 tantum
1172 453 1184 468 el
1200 466 1201 469 ,

272 480 349 504 quidem
364 480 465 504 diligenter
480 480 502 498 V.
518 480 574 502 Mtia,
595 484 616 499 ut
630 480 752 500 Croczewski
766 481 791 499 ad
805 487 841 499 nos
857 484 875 499 et
889 480 926 499 cito
941 484 960 499 et
974 481 1023 499 bene
1038 480 1128 499 consectis
1143 481 1184 499 rebus
1200 496 1201 503 ,

273 511 338 530 redeat
349 512 360 529 ¹.
374 512 394 529 ld
409 515 447 529 tam
463 517 511 535 rogo
526 511 549 530 V.
564 512 637 535 Mtiam,
653 518 711 536 quam
726 512 778 536 quod
793 512 882 530 maxime.
903 511 980 530 Durum.
1200 505 1201 512 ἵ

297 584 342 603 531.
457 585 554 603 Joanni
568 589 584 603 a
598 585 732 606 Lusianis,
745 585 863 604 Palatino
878 585 1019 604 Culmensi.

828 631 970 656 Seolzenbergi,
985 637 1010 649 m.
1024 631 1130 655 Septembri
1141 632 1183 649 1550.

333 668 464 692 Exspectaturi
484 667 555 686 fuimus
570 667 588 686 in
604 667 683 692 Cujuvia
704 668 754 686 diem
769 668 900 686 discernendis
920 667 1014 686 limitibus
1034 667 1074 686 istis
1092 667 1183 692 praefixum,

272 699 307 718 nisi
321 699 374 724 quod
389 700 436 717 dum
449 699 595 723 accepissemus,
610 703 682 723 pestem
698 699 752 717 isthic
767 699 888 722 invalescere,
903 699 988 717 arbitrati
1003 705 1070 717 sumus
1081 699 1130 717 diem
1141 699 1183 717 istum

272 735 373 755 propterea
388 736 421 755 per
432 730 473 749 VV.
488 730 575 753 Dtiones,
590 736 638 755 quae
652 730 696 749 huic
711 730 737 749 rei
752 737 762 749 a
774 730 862 755 Principe
876 730 948 754 judices
963 734 1009 749 sunt
1022 730 1110 755 delegati,
1122 730 1182 748 dilatum

271 762 300 780 iri.
321 762 376 780 Nunc
395 762 410 780 is
424 762 498 780 diesin
518 761 607 786 proximo
623 766 660 784 est,
679 762 703 779 ad
720 767 778 786 quem
799 761 850 779 diem
870 761 943 780 etiamsi
962 761 1048 786 legitime
1067 767 1098 779 me
1116 761 1183 785 excipere
1200 755 1201 761 ¹

272 793 353 817 possim,
373 793 476 817 quominus
495 793 524 811 vel
541 799 572 811 me
591 793 654 817 ipsum
675 793 704 811 vel
719 793 856 811 Procuratores
869 799 923 811 meos
937 793 1012 815 sistam,
1032 793 1059 811 ob
1072 792 1182 810 invalescentis
1200 798 1201 803 ¹

272 824 325 842 istius
339 824 445 848 pestilitatis
459 824 627 848 impedimentum:
643 828 706 842 tamen
719 824 744 842 ita
756 824 803 842 mihi
817 824 897 842 charum
911 824 947 842 hoc
962 823 1045 842 limitum
1059 823 1144 848 judicium
1154 829 1181 841 esee

272 855 318 874 sciat
331 855 354 874 V.
369 855 424 878 Mna,
443 859 465 873 ut
478 855 493 873 si
508 855 548 879 ipsa
562 855 597 873 sibi
613 855 660 873 nihil
674 855 697 873 ab
712 855 747 873 hac
761 855 862 879 pestilitate
877 855 954 876 metuit,
975 861 1024 879 quae
1039 855 1119 873 omnino
1134 854 1180 873 formi-

272 886 335 904 danda
355 890 390 909 est,
410 892 446 910 ego
461 886 518 904 etiarn
533 886 562 904 vel
582 886 622 911 ipse
636 886 655 904 in
670 892 710 905 rern
730 890 850 910 praesentem
870 886 906 904 sim
923 890 1024 909 venturus,
1047 892 1149 911 quanquam
1160 891 1179 903 me

271 917 319 936 vitae
334 917 388 935 istius
403 917 449 935 nihil
464 917 525 935 adhuc
540 917 622 940 taedeat,
637 918 667 936 vel
682 917 823 936 Cancellarium
837 921 856 935 et
870 917 955 942 reliquos
973 917 1076 936 familiares
1090 923 1138 935 meos
1149 916 1178 935 mis·

271 955 335 971 surus,
355 954 438 973 quorum
454 948 500 966 mihi
514 949 565 967 salus
579 954 640 973 aeque
654 955 675 967 ac
690 955 732 967 mea
746 948 803 967 chara
818 952 851 967 est.
866 948 932 973 Itaque
946 948 968 967 V.
984 948 1030 967 Mtia
1045 949 1068 967 de
1083 954 1105 966 eo
1118 954 1143 966 me
1156 953 1177 971 per

271 980 334 999 literas
348 980 425 1002 doceat,
444 979 492 998 sitne
507 979 547 1004 ipsa
562 979 624 998 isthuc
645 984 733 1002 ventura,
753 986 777 998 an
793 980 844 998 diem
859 979 945 998 dilatura.
968 979 1034 1001 Quem
1048 979 1063 998 si
1078 979 1175 997 differendum

271 1011 352 1036 putabit,
366 1011 407 1036 ejus
421 1011 515 1029 rationem
530 1017 602 1035 quaeso
617 1011 692 1033 habeat,
707 1011 761 1035 quod
776 1017 805 1029 me
818 1014 836 1029 et
850 1010 954 1029 Cracoviae
968 1010 992 1029 ad
1007 1010 1059 1028 diem
1074 1008 1175 1028 Catharina=¹

271 1043 322 1067 jussu
338 1042 437 1067 Principis,
451 1046 469 1060 et
481 1042 550 1060 deinde
565 1042 589 1060 ad
603 1042 654 1060 diem
669 1042 744 1060 Priscae
754 1042 761 1053 ³
775 1041 794 1060 in
806 1041 888 1067 Synodo
902 1045 967 1060 nostra
982 1042 1120 1060 ecclesiastica*
1131 1041 1174 1059 adesse

271 1078 352 1098 oportet.
367 1073 499 1096 Quamobrem
515 1079 568 1097 rogo,
581 1077 601 1091 ut
612 1073 627 1091 si
640 1073 679 1091 dies
694 1073 762 1091 dilatus
777 1072 840 1096 fuerit,
854 1073 877 1091 ad
890 1072 1016 1091 Conductum
1031 1078 1091 1097 usque
1102 1070 1173 1090 Paschae

271 1105 374 1128 differatur,
389 1111 433 1123 nam
449 1109 467 1123 et
481 1105 552 1123 interea
566 1104 659 1129 temporis
674 1104 721 1122 nihil
736 1104 792 1122 video
806 1104 881 1127 damni,
897 1103 948 1128 quod
964 1103 1011 1128 ipsis
1025 1103 1112 1128 utrinque
1123 1107 1172 1127 poss&-

271 1136 358 1155 sionibus
372 1136 476 1154 immineat.
497 1135 574 1154 Datum.

296 1209 340 1229 532.
425 1209 533 1233 Georqio
548 1214 564 1228 a
578 1209 693 1232 Conopat
703 1208 714 1230 ³.
729 1208 874 1229 Castellano
889 1208 1047 1232 Elbingensi.

827 1255 968 1280 Seolzenbergi,
982 1261 1008 1273 m.
1023 1255 1125 1279 Septembri
1136 1251 1173 1272 1551)-

332 1292 445 1311 Mirabiliter
458 1293 541 1317 gaudeo,
563 1293 616 1317 quod
631 1292 678 1310 mihi
692 1292 715 1310 V.
730 1292 776 1310 Mtia
791 1292 809 1310 in
824 1292 865 1310 istis
883 1292 931 1310 meis
945 1292 1038 1310 limitibus
1057 1292 1112 1316 judex
1123 1289 1174 1313 obtige-

271 1325 303 1348 rit;
320 1331 365 1343 nam
379 1330 489 1349 quanquam
504 1324 523 1342 id
538 1330 559 1342 ex
574 1324 615 1348 jure
629 1324 652 1342 sit
666 1323 689 1342 V.
704 1323 762 1342 Mtiae
776 1323 895 1347 delegatum,
915 1327 979 1341 tamen
995 1329 1031 1347 ego
1046 1323 1097 1341 idem
1110 1322 1155 1340 etiam
1163 1322 1175 1337 ¹¹¹

270 1356 330 1379 fieret,
344 1362 354 1374 a
369 1355 428 1380 Regia
442 1355 501 1373 Mtate
521 1355 609 1380 precibus
624 1359 642 1373 et
656 1355 757 1379 postulatis
772 1355 869 1373 contendi,
890 1355 954 1377 Nunc,
970 1358 991 1373 ut
1004 1355 1039 1372 scit
1054 1354 1076 1372 V.
1091 1353 1141 1376 Mxia,
1152 1351 1176 1369 ²155

270 1387 386 1412 praesciptus
408 1387 427 1404 in
450 1386 539 1410 proximo
562 1390 598 1409 est,
624 1390 642 1404 et
667 1386 725 1410 pestis
750 1386 769 1404 in
794 1385 827 1404 illo
850 1386 945 1404 territorio
970 1390 1035 1404 tamen
1057 1385 1105 1404 vires
1124 1387 1178 1403 sunw'e

270 1425 309 1437 non
323 1418 398 1437 desinit.
416 1417 435 1436 Si
450 1417 491 1436 fieri
505 1421 576 1442 potest,
594 1418 671 1440 vellem,
692 1421 713 1435 ut
727 1417 826 1441 negotium
841 1417 860 1435 in
875 1416 926 1435 aliud
944 1421 1020 1441 tempus
1035 1416 1137 1438 differatur,
1148 1415 1180 1433 situ!

269 1450 288 1469 id
303 1449 371 1468 merito
385 1449 426 1474 jure
441 1449 484 1473 ipso
504 1448 583 1467 concedi
598 1448 645 1466 mihi
659 1448 721 1466 debet.
742 1448 779 1466 Sed
794 1452 859 1466 tamen
873 1448 888 1466 si
903 1454 956 1466 secus
971 1448 1012 1466 VV.
1027 1447 1130 1466 Drionibus
1147 1445 1182 1464 vide·
1200 1462 1201 1467 ,

269 1486 307 1505 tur,
327 1487 389 1505 neque
409 1480 512 1504 quicquam
531 1479 567 1498 sibi
581 1480 604 1498 de
619 1479 653 1498 hac
670 1485 727 1498 aurae
747 1479 861 1503 contagione
881 1479 935 1503 pensi
956 1478 1068 1497 habendum
1089 1478 1185 1497 existimant.

303 1575 307 1585 ¹
329 1575 334 1589 1
346 1578 362 1589 ιο
378 1574 458 1594 poiqdanc
470 1573 495 1588 alla
506 1573 554 1588 siebie
568 1573 633 1588 nadunie
649 1574 727 1593 ntrzymnt
741 1572 862 1593 Zcbrzydowski
877 1572 897 1587 od
911 1572 956 1587 krdla
972 1572 1063 1587 mandatem
1078 1577 1086 1587 z
1098 1572 1134 1588 dni·
1147 1577 1163 1588 m
1173 1575 1191 1592 pl·

329 1600 422 1618 Μήτι-1111111,
433 1599 473 1619 czyli
486 1599 523 1614 seria
534 1599 544 1613 fi
556 1603 591 1619 post
604 1599 661 1614 festum
672 1604 685 1614 5.
698 1598 775 1614 Francis-:i
787 1603 800 1614 a.
812 1599 827 1613 d.
842 1598 886 1616 1550,
900 1597 921 1613 cf.
932 1597 1047 1618 Appendiccrn.

302 1626 309 1637 ²
331 1626 349 1641 ²5
361 1625 456 1641 Novembris
470 1625 512 1642 1550,
524 1625 543 1640 cf⁴
556 1625 591 1645 5⁰7.
655 1625 661 1635 ³
678 1624 695 1640 18
706 1625 774 1640 ,lanum-ii
789 1624 832 1640 1551.

301 1653 307 1663 ⁴
329 1652 398 1672 Wctllug
412 1652 451 1667 Acta
465 1654 494 1667 act.
508 1651 576 1671 Capituli
588 1651 630 1667 Eccl.
644 1651 685 1666 cath.
697 1651 741 1666 Grac.
755 1651 866 1671 spouziewano
878 1650 900 1669 sie
911 1650 988 1665 zwolania
1002 1651 1066 1670 synodu
1083 1651 1196 1672 calopolskiego

328 1678 394 1698 dopiero
405 1683 424 1693 na
436 1678 465 1693 s'w.
477 1677 564 1697 Agniesqu
575 1677 614 1697 czyli
627 1681 643 1692 Ἅι
657 1677 726 1697 stycznia
738 1682 750 1692 r.
764 1677 809 1692 1551.

301 1704 307 1714 ³
329 1704 337 1719 5
349 1704 407 1723 Aprilis
421 1703 466 1718 1551.
528 1703 535 1714 ⁰
550 1703 648 1723 Konopacki.
