1465 2093
485 223 625 238 amsa-omnim
639 224 701 242 mm,
715 224 822 237 nmmum
868 215 872 218 ⁴
1086 220 1119 243 ⁵3¹

182 281 240 293 sores
264 276 363 300 cujusdam
384 276 447 294 coloni
462 276 486 294 de
500 276 613 300 Biscupicze
633 276 689 294 clavis
704 276 847 299 Radloviensis,
862 276 926 300 Wnek
941 276 994 298 dicti,
1010 282 1071 300 nuper
1085 276 1122 294 vita

184 306 258 329 functi,
279 307 351 331 optime
367 307 390 325 de
404 307 557 325 antecessoribus
578 307 653 325 Dtionis
668 307 689 325 V.
708 307 731 325 R.
749 307 821 329 meriti,
842 307 874 331 qui
889 313 908 325 se
923 311 1004 331 paterno
1024 313 1059 325 suo
1078 307 1121 325 solo

185 338 260 362 privari
275 342 293 356 et
306 338 385 356 aedibus
405 338 444 356 suis
464 338 560 356 immerito
580 338 667 361 alienari,
686 344 742 362 agros
756 342 774 356 et
788 338 886 356 facultates
906 338 963 356 etiam
983 338 1064 356 mobiles
1084 338 1120 356 sibi

183 375 220 394 per
235 369 316 387 factores
330 373 348 387 et
362 369 470 388 Praefectos
490 369 565 388 Dtionis
580 369 601 387 V.
617 369 639 387 R.
659 369 717 387 adimi
737 373 850 394 queruntur.
871 369 962 391 Queritur
977 373 995 388 et
1009 369 1077 387 Zelazo
1097 370 1121 387 de

182 399 254 418 iisdem
270 401 324 419 bonis
339 401 505 423 Radloviensibus,
520 401 654 419 molendinum
668 401 703 418 sibi
719 401 775 419 etiam
788 401 811 418 de
823 400 873 419 sacto
888 401 1005 424 ademptum.
1021 401 1061 418 Nos
1077 401 1121 425 quia

184 431 285 454 videmus,
311 432 366 450 fletus
386 436 404 450 et
423 432 568 456 implorationes
588 432 664 450 illorum
685 432 708 450 ad
728 432 789 450 sidera
810 438 870 456 usque
890 432 1009 456 pertingere,
1029 432 1120 450 Dtionem

183 462 208 480 V.
225 462 247 480 R.
263 462 333 481 obnixe
348 468 445 487 rogamus,
460 463 505 481 velit
520 467 537 481 et
552 463 676 487 professionis
691 469 736 481 suae
751 463 869 485 christianae,
885 463 929 481 velit
941 463 1040 487 pastoralis
1054 462 1120 485 officii,

183 494 231 511 velit
245 494 372 512 conscientiae
387 498 405 512 et
419 494 494 512 animae
508 500 553 512 suae
568 500 642 512 memor
657 500 709 515 esse,
729 501 750 512 ac
765 494 816 518 ipsos
830 495 918 512 subditos
933 494 1051 516 humaniter,
1067 495 1120 512 beni-

182 530 222 549 gne
237 529 255 543 et
269 529 347 549 paterne
362 529 448 548 tractare,
462 531 483 543 ac
499 531 616 549 quemquam
632 525 709 544 illorum
726 525 744 543 in
759 531 794 543 suo
809 525 860 549 jure,
876 525 994 544 libertatibus
1009 530 1027 543 et
1041 525 1120 549 antiqua

183 556 326 574 consuetudine
346 556 410 574 fovere
425 560 444 574 et
457 562 570 574 conservare
592 556 688 580 dignetur.
713 556 763 574 Male
785 557 841 574 etiam
861 563 896 574 nos
914 556 978 579 habet,
1001 557 1053 581 quod
1074 556 1120 574 Dtio

183 587 207 605 V.
223 587 246 605 R.
261 591 280 605 et
294 587 337 605 hinc
352 588 419 605 absens
434 592 470 610 est,
491 591 508 605 et
524 587 595 605 nullam
611 593 676 605 curam
691 587 759 606 habeat
778 587 883 612 religionis,
904 588 1014 612 nullamque
1034 587 1120 605 animad-

182 618 294 636 versionem
308 618 327 636 in
343 617 447 636 haeretic'os
462 618 510 641 facit,
526 618 557 643 qui
573 625 613 636 non
629 619 687 636 modo
703 618 771 640 verbis,
785 619 818 637 sed
832 619 906 643 scriptis
921 619 977 637 etiam
990 623 1008 637 ct
1020 619 1119 637 codicibus

182 649 241 668 editis
256 655 330 667 errores
344 649 486 668 abominandos
500 650 519 667 in
534 650 601 674 vulgus
615 653 714 674 spargunt.
737 649 794 667 Fama
810 653 846 672 est,
861 650 913 674 quod
928 650 954 668 illi
969 649 1015 674 ipsi,
1030 649 1062 674 qui
1078 649 1119 668 Sta-

182 684 225 699 tuta
245 680 350 698 execranda
368 680 398 698 illa
416 681 552 702 condiderunt,
573 681 626 705 quud
647 680 708 699 adhuc
729 680 866 704 perniciosiora
886 681 959 699 cudunt
973 685 991 699 et
1005 681 1119 705 imprimunt

182 711 203 730 in
218 712 303 736 quadam
324 712 366 730 villa
386 712 503 730 Makowiecz
524 711 561 730 Dni
581 712 712 730 Luthomirski
733 712 861 730 ThesaurariL
883 711 965 730 Revera!
988 716 1037 730 esset
1059 711 1118 730 officii

183 743 263 761 Dtionis
283 743 304 761 V.
320 743 342 761 R.
363 743 505 761 communicato
527 749 570 761 cum
591 743 613 761 R.
632 743 676 761 Dno
696 743 843 767 Archipraesule
863 742 971 761 Gnesnensi
991 743 1070 767 aliisque
1090 743 1119 761 his

183 774 287 798 Episcopis
307 774 396 796 consilio,
416 774 486 792 talibus
503 774 590 795 obviare,
610 778 628 792 et
643 774 699 792 rebus
719 774 830 798 hujusmodi
851 774 941 792 omnibus
961 774 1062 792 conatibus
1081 774 1119 792 suis

183 805 284 824 intendere
297 811 318 824 ac
333 805 446 830 prohibere,
463 809 483 823 ut
498 811 530 827 ne,
550 811 599 829 quae
615 805 654 823 fieri
669 809 769 829 parantur,
785 805 840 827 fiant,
861 809 879 823 et
893 811 942 829 quae
961 805 1008 823 facta
1023 809 1076 828 sunt,
1091 805 1118 823 in-

183 836 231 855 secta
246 841 265 854 et
280 837 331 855 nulla
345 837 455 855 reddantur.
476 836 641 854 Commendamus
656 842 690 854 nos
705 836 782 854 tandem
802 836 872 860 gratiae
888 836 910 854 V.
926 836 1000 854 Dtionis
1016 836 1045 859 R„
1061 842 1118 860 quam

184 868 217 886 diu
231 871 250 886 et
265 867 373 886 felicissime
387 868 449 886 valere
463 868 558 892 cupimus.
579 867 689 890 Cracoviae,
704 868 781 886 XXVIII
797 868 866 886 mensis
881 867 953 891 Aprilis
968 874 989 885 ex
1004 868 1047 885 loco
1067 867 1118 891 capi-

184 899 240 917 tulari
255 901 278 917 Α.
297 900 350 923 1553.

210 971 255 990 857.
336 972 451 991 Jacobus
466 972 563 991 Puteus
578 972 723 991 cardinalis
738 972 766 990 A.
780 971 946 990 Zebrzidovio
959 971 968 989 ¹.

806 1018 887 1040 Romae,
902 1019 914 1036 5
930 1018 1045 1036 Decembris
1061 1018 1117 1036 [553.

246 1055 297 1077 Quia
311 1055 364 1073 soleo
379 1055 460 1073 libenter
475 1055 557 1073 nationis
572 1059 647 1073 vostrae
662 1055 750 1073 homines
765 1061 807 1073 mea
821 1058 890 1079 sponte
905 1055 990 1079 diligere,
1005 1054 1117 1078 praesertim

190 1091 225 1108 eos,
244 1086 277 1110 qui
293 1086 322 1104 hic
336 1086 388 1110 apud
403 1092 438 1104 nos
452 1086 517 1110 aliquo
537 1086 611 1104 virtutis
631 1086 741 1104 testimonio
762 1085 890 1104 commendati
905 1089 959 1108 sunt,
979 1091 1019 1104 non
1034 1085 1068 1103 erit
1083 1085 1117 1104 tibi

189 1117 301 1140 mirandum,
315 1117 329 1136 si
345 1118 441 1135 Adamum
457 1117 562 1140 Conarski,
577 1117 596 1135 in
611 1123 650 1141 quo
664 1123 759 1135 summam
775 1117 794 1135 in
809 1117 921 1141 peragendis
936 1116 993 1141 Regis
1014 1116 1116 1135 Serenissi-

186 1148 211 1166 mi
225 1148 307 1171 negotiis
321 1148 438 1172 diligentiam
454 1148 624 1172 dexteritatemque
639 1148 732 1172 cognovi,
747 1154 798 1166 nunc
813 1148 846 1166 tibi
861 1154 895 1172 per
909 1148 971 1166 literas
992 1154 1043 1166 meas
1064 1154 1117 1166 com-

184 1180 264 1203 mendo,
284 1180 338 1203 cujus
353 1180 383 1198 ille
399 1184 417 1198 et
433 1180 583 1198 studiosissimus
602 1185 679 1203 semper
699 1179 742 1202 fuit,
762 1183 819 1203 atque
835 1179 859 1197 ita
879 1179 969 1203 cupidus,
989 1183 1010 1197 ut
1023 1183 1042 1197 te
1057 1185 1117 1197 unum

179 1210 262 1232 plurimi
283 1211 339 1229 saciat
358 1211 376 1229 in
391 1214 447 1235 teque
461 1217 505 1235 spes
519 1217 562 1229 suas
576 1216 644 1228 omnes
658 1210 703 1228 sitas
717 1216 758 1229 esse
778 1210 827 1228 velit.
852 1210 916 1232 Quare
931 1214 949 1228 et
963 1216 1004 1228 mea
1019 1216 1084 1232 causa,
1099 1214 1117 1228 et

178 1242 236 1264 quod
251 1242 267 1260 is
281 1246 331 1260 certe
347 1248 381 1260 sua
399 1242 467 1260 virtute
487 1242 568 1260 multum
590 1245 684 1264 meretur,
704 1241 761 1259 velim
780 1241 866 1259 animum
886 1241 967 1260 libenter
987 1241 1075 1264 inducas,
1096 1245 1117 1259 ut

173 1273 247 1293 Primo
262 1279 340 1298 quoque
359 1277 448 1297 tempore
468 1272 562 1291 beneficio
580 1273 645 1297 aliquo
665 1273 764 1291 hominem
780 1273 813 1290 tibi
828 1272 897 1291 arctius
917 1273 1017 1291 devinciens.
1040 1272 1081 1290 Erit
1095 1272 1114 1290 id

172 1307 227 1323 tum
242 1304 289 1323 mihi
309 1304 449 1328 gratissimum,
473 1308 513 1322 tum
528 1310 584 1328 spero
605 1304 661 1322 etiam
677 1304 726 1326 fore,
749 1307 769 1322 ut
783 1308 801 1322 te
816 1304 835 1322 in
850 1310 892 1322 eum
907 1304 1010 1322 collocatae
1024 1303 1116 1322 libertatis

171 1334 227 1354 tllae
241 1341 342 1360 nunqnam
356 1335 459 1359 poeniteat.
474 1335 521 1353 Vale
535 1339 554 1353 et
568 1341 598 1353 me
613 1341 661 1353 ama.
677 1335 748 1358 Roma,
763 1335 825 1353 Nonis
840 1335 950 1353 Decembris
968 1336 1021 1358 1553.

209 1408 254 1428 858.
548 1408 623 1427 Idem
643 1408 728 1427 eidem
737 1408 750 1425 ².

834 1455 914 1477 Romae,
930 1455 953 1473 21
966 1454 1041 1479 Aprilis
1056 1455 1114 1472 1554.

245 1492 304 1510 Binas
315 1491 377 1510 literas
389 1495 431 1510 tuas
442 1491 513 1516 accepi,
527 1491 594 1509 alteras
609 1491 675 1514 Nonis,
689 1491 757 1509 alteras
771 1491 852 1516 septimo
865 1491 908 1509 Idus
919 1491 1018 1509 Februarii
1030 1491 1116 1515 scriptas,

170 1524 230 1546 qnae
246 1523 271 1542 ad
295 1529 325 1541 me
346 1523 425 1541 diversis
447 1522 567 1547 temporibus
587 1522 653 1540 allatae
673 1526 726 1544 sunt.
747 1528 807 1546 quum
827 1522 878 1540 enim
899 1522 969 1546 primas
989 1522 1030 1540 XIlI
1051 1522 1116 1540 Kalen.

170 1552 253 1581 Aprilis
269 1554 396 1579 accepissem,
417 1554 511 1572 secundae
526 1554 587 1578 pridie
602 1553 646 1572 Idus
660 1557 704 1572 sunt
718 1553 765 1572 mihi
783 1554 880 1576 redditae,
900 1560 922 1572 ex
936 1553 1006 1577 quibus
1020 1553 1066 1571 illud
1081 1553 1116 1571 im-

170 1586 248 1606 }‘rimis
270 1591 338 1610 magna
353 1591 397 1603 cum
416 1591 457 1603 mea
479 1585 565 1603 molestia
584 1585 676 1609 cognovi,
697 1585 760 1603 literas
780 1585 851 1603 scilicet
870 1591 930 1607 meas,
950 1585 1020 1609 quibus
1043 1590 1078 1609 ego
1092 1584 1116 1602 ad

170 1615 218 1637 tnas
233 1616 379 1636 accuratissime
394 1616 538 1640 responderam,
553 1616 676 1634 intercidisse.
692 1616 740 1634 Nam
753 1620 774 1634 ut
786 1616 882 1640 Georgius
897 1616 937 1640 ipse
953 1615 1040 1638 narravit,
1055 1621 1115 1640 quum

170 1645 296 1669 cracoviam
311 1647 394 1672 perlatae
414 1651 486 1671 essent,
506 1647 614 1672 aliquorum
629 1647 725 1671 secordia,
746 1647 815 1671 quibus
829 1647 848 1665 id
864 1647 935 1671 negotii
950 1647 1016 1665 datum
1031 1651 1080 1670 erat,
1096 1651 1116 1665 ut

210 1713 216 1723 ¹
241 1710 297 1726 Latini
309 1710 365 1725 Latinii
379 1710 465 1730 Epistolae.
477 1710 542 1728 Romae,
556 1709 598 1730 1659,
611 1710 616 1725 l
627 1714 642 1729 4-
705 1709 712 1720 ²
728 1710 745 1724 L.
758 1714 775 1727 c.,
787 1710 792 1724 l
806 1713 879 1730 '9-²¹-
