1465 2093
271 205 280 222 5
286 210 291 222 t
296 210 307 222 o
638 209 657 222 Α.
672 208 834 222 zunnzwowsxt.

332 261 377 279 [tem
393 261 525 285 interrogatus,
540 261 586 285 quid
600 261 624 279 de
639 261 733 279 coelibatu
747 265 766 279 et
780 260 827 285 quid
841 261 865 279 de
879 261 1003 279 sacerdotum
1021 260 1149 279 matrimonio
1161 266 1193 278 sen>

270 291 314 311 tiat?
330 292 437 316 respondit,
458 292 573 310 coelibatum
588 299 597 310 a
612 292 743 310 sacerdotibus
758 291 840 310 maxime
855 291 962 310 necessario
977 297 1018 310 esse
1034 292 1152 314 tenendum,
1164 291 1195 316 qui-

270 324 305 341 bus
320 323 465 341 matrimonium
481 329 519 341 non
534 323 623 345 admittit,
638 327 656 341 et
667 323 707 341 imo
721 327 764 341 vota
778 322 822 341 tatia
837 322 913 341 illorum
929 323 1027 347 reprobat,
1040 329 1077 341 nec
1090 328 1147 347 posse
1156 323 1196 346 jum

270 355 345 373 decretu
361 354 454 373 Ecclesiae
469 354 577 372 subsistere.

334 386 380 404 item
396 386 533 410 interrogatus,
552 385 645 409 imagines
659 389 677 403 et
691 391 795 409 campanae
815 391 861 403 num
881 385 919 403 sint
936 385 1094 407 benedicendae,
1109 385 1195 403 honor-an-

271 417 305 435 dae
320 421 338 435 et
352 417 371 434 in
387 417 469 435 Ecclesia
485 415 605 435 retinendae?
620 417 728 441 respondit,
743 416 892 438 benedicendas,
907 416 1033 434 honorandas
1049 420 1068 434 et
1083 416 1103 434 in
1126 416 1196 434 Ecclssia

271 448 380 466 retinendas
398 454 444 466 esse.

334 479 380 497 ltem
391 479 524 502 interrogatus,
533 485 557 496 un
568 479 635 497 tolerat
647 478 666 496 in
676 479 781 502 praesentia
791 484 824 496 suu
836 478 856 496 in
868 478 947 496 dubium
958 484 1051 496 revocare
1059 478 1151 496 articulos
1161 477 1196 496 fidei

271 514 288 528 et
303 510 424 535 quaestiones
444 508 545 528 ventilare?
565 509 673 534 respondit,
693 510 745 534 quod
761 515 858 534 nunquam
879 509 947 528 tolerat
961 515 995 528 nec
1009 509 1095 533 patitur,
1115 513 1133 527 et
1146 509 1195 527 immo

272 541 343 559 restitit.

333 572 380 590 ltetn
395 572 530 596 interrogatus,
544 578 568 590 an
583 572 602 590 in
617 571 660 590 aula
675 571 738 590 foveat
752 575 771 590 et
784 576 899 596 promoveat
912 577 946 590 sua
960 571 1052 590 homines
1067 575 1166 596 suspectos
1176 571 1194 589 de

272 602 356 622 haeresi?
371 603 476 627 respondit,
491 603 543 627 quod
559 609 597 621 non
612 602 663 621 fovet
678 609 712 621 nec
727 607 834 627 promovet.

335 635 380 653 item
396 634 531 658 interrogatus,
546 640 569 652 an
582 634 643 652 faveat
655 638 673 652 et
684 634 815 658 patrocinetur
829 634 894 658 impiis
908 633 1041 658 dogmatibus,
1056 639 1109 658 quae
1122 637 1194 658 pugnant

271 672 314 684 cum
336 666 423 684 doctrina
442 665 538 684 Ecclesiae
561 665 681 683 orthodoxae
701 664 811 683 Romanae?
834 665 943 690 respondit,
966 665 1021 690 quod
1042 671 1083 684 non
1104 665 1151 683 favet
1167 670 1193 683 net

270 697 405 722 patrocinetur.

333 733 394 752 Rmus
408 733 463 751 Dnus
484 728 620 750 Leossardt-IS
633 731 644 756 ¹,
664 733 698 751 Dei
713 733 772 757 gratia
786 733 896 758 Episcopus
913 727 1109 750 camenecensis:

332 765 429 789 Imprimis
449 764 586 789 interrogatus,
608 770 655 782 num
675 764 739 782 credat
758 764 847 783 articulos
867 763 924 782 fidei?
940 763 1043 788 respondit
1063 770 1099 788 per
1117 763 1191 782 verbum:

270 795 334 814 Credo
349 799 368 813 et
381 794 480 814 confiteor.

333 826 406 845 Deinde
422 827 558 851 interrogatus,
579 832 625 845 num
641 826 706 844 credat
719 826 809 845 Sanctam
824 826 927 850 Ecclesiam
943 825 1068 848 catholicam,
1090 825 1190 844 Sanctorum
1210 819 1211 823 Ἰ

270 857 428 876 communionem
444 863 462 876 et
472 858 537 881 'carnis
551 856 722 876 resurrectionem?
737 857 837 882 respondit
851 863 885 881 per
899 857 988 875 verbum:
1007 856 1081 875 Credo.

332 889 378 907 Item
402 889 528 913 interrogatus
542 889 566 907 de
580 888 676 911 Ecclesia,
698 888 731 906 ubi
750 889 785 911 sit,
808 894 855 907 nurn
870 888 942 912 Spiritu
962 887 981 906 S.
1000 892 1087 912 regatur,
1105 892 1137 906 aut
1153 893 1190 905 num

270 920 329 944 possit
343 926 414 942 errare,
435 924 492 944 caput
505 919 562 942 hujus
583 919 677 938 Ecclesiae
691 923 734 944 post
748 919 847 938 Christum
865 919 884 938 in
898 919 953 938 terris
966 925 991 937 an
1005 919 1031 937 sit
1045 919 1099 943 Papa
1112 925 1143 937 seu
1161 918 1189 936 Ro-

270 957 337 969 manus
353 949 452 969 Pontifex?
470 951 574 975 respondit,
590 951 642 975 quod
657 955 684 969 est
699 950 783 969 Ecclesia
798 950 816 968 in
832 950 886 969 coelo
901 950 1035 975 triumphans,
1051 950 1070 968 in
1085 954 1134 969 terra
1150 949 1188 968 mili-

270 986 319 1004 tans,
340 982 359 1000 in
373 982 485 1006 purgatorio
506 982 580 1006 patiens
594 986 613 1000 et
627 985 745 1006 exspectans,
765 986 783 1000 et
803 982 874 1006 regitur
888 981 960 1006 Spiritu
975 981 1002 1004 S.‚
1021 981 1067 1000 ideo
1082 987 1142 1000 errare
1158 986 1188 998 non

270 1017 338 1037 potest.
354 1012 441 1031 Ulterius·
452 1017 515 1031 autem
529 1013 667 1037 respondendo
682 1013 734 1035 dixit,
749 1013 802 1037 quod
816 1016 873 1036 caput
888 1012 984 1031 Ecclesiae
998 1016 1028 1031 est
1041 1012 1135 1034 Christus,
1149 1011 1187 1035 Pap¹

269 1050 314 1063 vero
328 1050 361 1062 seu
376 1044 476 1062 Romanus
496 1043 583 1062 Pontifex
599 1047 685 1068 respectu
704 1043 775 1062 Christi
790 1043 877 1062 Minister
891 1048 910 1062 et
923 1047 1009 1068 respectu
1030 1043 1127 1062 Ecclesiae
1144 1045 1188 1067 capnt

270 1080 287 1094 et
302 1076 394 1094 Minister.

331 1106 377 1125 ltem
398 1107 536 1131 interrogatus,
552 1112 598 1124 num
619 1106 683 1125 credat
703 1106 794 1125 Conciliis
808 1110 827 1124 et
841 1106 925 1124 Decretis
939 1105 1057 1124 Sanctorum
1076 1109 1155 1130 patrum,
1170 1104 1186 1122 ab

270 1138 353 1156 Ecclesia
377 1138 468 1156 catholica
489 1137 569 1162 receptis
591 1142 624 1156 aut
641 1144 676 1156 usu
699 1137 776 1161 publico
794 1135 916 1161 approbatis?
935 1136 1035 1161 respondit
1058 1143 1094 1161 per
1114 1136 1187 1154 verbum:

270 1168 333 1187 Credo
347 1168 439 1187 Conciliis
454 1169 472 1187 in
488 1169 559 1193 Spiritu
574 1169 593 1187 S.
606 1169 726 1193 congregatis
740 1172 759 1186 et
772 1174 838 1187 eorum
854 1167 945 1191 Decretis,
957 1168 981 1186 ab
993 1168 1080 1187 Ecclesia
1094 1166 1187 1192 approbatis

270 1204 287 1218 et
302 1200 387 1224 receptis.

332 1231 378 1249 item
394 1231 528 1255 interrogatus,
542 1237 566 1249 an
581 1232 656 1253 credat,
671 1237 829 1256 unumquemque
844 1231 906 1255 Papae
921 1235 939 1249 et
954 1230 1045 1249 Praelatis
1066 1230 1105 1249 suis
1124 1233 1187 1255 propter

269 1262 413 1285 conscientiam,
434 1262 469 1281 hoc
484 1266 512 1281 est
526 1263 549 1281 de
563 1263 674 1281 necessitate
693 1262 758 1281 salutis
778 1262 857 1281 obedire
876 1260 978 1286 oportere?
998 1262 1101 1286 respondit
1115 1267 1146 1286 per
1157 1265 1187 1278 vet·

270 1294 326 1311 bum:
347 1293 419 1316 Credo,
440 1293 530 1312 Praelatis
550 1294 644 1312 Ecclesiae
664 1298 731 1318 utpote
751 1294 832 1312 Summo
853 1292 942 1311 Pontifici
956 1297 975 1311 et
992 1293 1062 1311 ceteris
1082 1292 1188 1311 infertoribus

270 1325 293 1343 de
308 1325 418 1343 necessitate
433 1325 497 1343 salutis
512 1325 641 1343 obediendum
655 1331 701 1343 esse.

333 1355 379 1374 [tem
399 1356 536 1380 interrogatus,
556 1356 579 1374 de
594 1356 737 1380 dispensatione
757 1355 838 1374 clavium
861 1359 879 1374 et
898 1355 1024 1379 indulgentiis
1044 1355 1094 1380 quid
1110 1357 1189 1374 teneatet

270 1387 370 1411 quomodo
390 1386 468 1405 sentiat?
488 1387 586 1411 respondit
600 1393 634 1411 per
648 1387 736 1405 verbum:
756 1387 833 1410 Teneo,
854 1391 875 1405 ut
889 1386 973 1405 Ecclesia
993 1387 1091 1405 catholica
1111 1387 1190 1408 obsemt,

270 1418 358 1437 effectum
373 1423 436 1437 tamen
451 1418 614 1443 indulgentiarum
627 1424 665 1437 non
677 1418 721 1436 inde
733 1418 773 1437 fore
785 1418 835 1440 dico,
850 1418 885 1436 nisi
897 1424 919 1436 ex
930 1418 999 1436 merito
1015 1418 1113 1442 passionis
1126 1416 1191 1437 christi.

331 1449 377 1467 Item
398 1450 536 1474 interrogatus,
555 1455 578 1467 an
599 1449 773 1468 excommunicatio
792 1449 864 1474 obliget
883 1448 1063 1468 excommunicatos
1078 1456 1089 1468 a
1104 1446 1191 1468 Praelatis?

270 1480 376 1504 respondit,
391 1480 443 1504 quod
458 1480 530 1504 obligat
543 1484 562 1499 ct
575 1480 599 1498 ad
613 1480 688 1504 culpam
703 1484 721 1498 et
735 1480 759 1498 ad
774 1486 862 1504 poenam.

333 1511 379 1530 Item
399 1511 536 1536 interrogatus,
557 1511 580 1530 de
597 1511 720 1529 sacramentis
740 1511 835 1530 Ecclesiae
854 1511 900 1536 quid
921 1511 998 1534 sentiat,
1021 1516 1073 1537 quot
1093 1514 1194 1531 numeroet

271 1548 326 1567 quae,
341 1549 365 1560 an
380 1542 398 1561 in
413 1546 532 1561 sacramento
552 1542 682 1561 Eucharistiae
702 1543 766 1561 credat
780 1543 877 1561 veritatem
892 1542 979 1567 corporis
994 1546 1014 1561 et
1028 1543 1133 1568 sanguinis
1150 1542 1195 1562 Chri*

270 1572 306 1592 sti?
321 1574 420 1598 respondit
435 1580 468 1598 per
482 1574 572 1592 verbum:
587 1574 661 1597 Sentio,
676 1577 734 1598 prout
748 1573 832 1592 Ecclesia
846 1574 938 1592 catholica
952 1577 1015 1597 tenet,
1031 1578 1050 1593 et
1066 1575 1119 1597 dico,
1133 1579 1154 1594 ea
1165 1579 1196 1593 use

269 1604 288 1623 in
303 1611 384 1623 numero
398 1609 482 1629 septem,
502 1609 520 1624 et
535 1605 601 1627 credo,
621 1611 664 1623 vere
679 1608 696 1623 et
710 1604 833 1623 effectualiter
847 1611 887 1623 esse
902 1605 1000 1623 veritatem
1024 1607 1119 1630 corporis
1138 1604 1198 1625 Christi

305 1698 309 1708 ¹
332 1698 445 1713 Sioriczewslti.
