1465 2093
272 201 310 219 424
643 201 661 214 Α.
679 201 839 215 zenmnowsu

272 253 312 277 ejus
327 253 353 271 rei
371 253 454 271 rationes
473 253 542 271 multas
562 253 662 277 perscribit
681 259 760 277 quoque
777 253 890 271 Venerabile
910 252 1024 278 Capitulum
1039 254 1063 272 ad
1077 253 1100 272 R.
1113 254 1173 274 Dtionm

272 284 338 303 Suam.
353 284 412 308 Spem
427 284 527 302 obtinendi
542 284 562 302 in
576 283 591 302 F
593 287 630 302 tate
645 284 668 302 V.
682 290 728 308 ego,
743 283 844 302 Corczbok
858 284 916 302 frater
929 288 948 302 et
962 284 1078 304 Venerabile
1093 285 1172 310 Capitulum

271 321 361 340 magnam
379 315 485 340 posuimus.
503 315 582 333 Videtur
599 315 650 333 enim
668 314 711 333 Ftas
722 315 745 333 V.
762 315 877 339 persuadere
888 315 908 333 id
921 315 943 333 R.
960 315 1007 334 Dno
1019 320 1038 334 et
1055 322 1108 340 posse
1122 322 1172 342 propte

270 347 401 368 autoritatem,
415 351 435 365 et
448 347 495 365 scire
510 351 589 370 propter
603 346 735 370 prudentiam,
753 350 771 364 et
785 346 832 364 vene
847 350 927 371 propter
941 347 1039 372 egregiam
1054 348 1074 366 in
1088 354 1119 366 nos
1130 349 1171 367 volun-

271 382 340 400 tatem,
355 382 374 396 et
388 378 457 396 debere
472 381 550 401 propter
565 383 617 400 tam,
637 382 696 401 quam
710 383 754 395 cum
768 378 860 396 omnibus
877 378 934 396 nobis
947 378 1007 396 habet
1021 379 1041 397 in
1055 379 1117 398 eadem
1132 379 1170 398 Beck·

271 409 298 427 sia
312 409 477 433 conjunctionem.
492 408 558 433 ltaque
572 414 611 432 quo
626 408 679 432 plura
698 412 743 426 sunt
757 412 775 426 et
789 408 872 432 majora,
892 409 963 433 quibus
976 415 1022 434 spes
1037 414 1100 429 nostra
1111 411 1130 429 de
1139 411 1170 430 Fra

271 440 294 458 V.
308 444 434 462 sustentatur.
455 440 491 458 hoc
514 439 590 458 brevior
612 443 640 457 est
661 443 725 457 nostra
744 439 814 457 oratio:
834 446 845 457 a
865 440 887 458 V.
907 440 961 458 Ftate
980 444 1058 459 tantum
1078 445 1126 466 peto,
1138 446 1170 460 :unx

271 475 292 489 ut
305 471 329 490 sit
343 471 366 489 R.
381 471 425 489 Dno
440 471 573 495 acquiescendi
588 470 611 488 iis
625 470 738 493 rationibus,
752 476 801 495 quae
815 475 860 489 sunt
874 471 893 489 in
908 471 967 489 literis
981 471 1100 491 Venerabilis
1111 472 1171 497 Capituli.

271 502 302 521 Me
321 502 358 520 sibi
373 506 392 520 et
406 501 541 520 Corczbokum
561 501 638 520 fratrem
654 505 672 520 et
686 501 800 520 Venerabile
820 501 932 526 Capitulum
950 502 988 521 hoc
1006 503 1086 521 nomine
1103 504 1171 526 devinciet.

271 533 318 558 quin
333 537 351 552 et
366 533 391 551 do
406 537 448 551 toto
469 533 537 551 ordine
557 536 624 551 nostro
643 532 716 556 optime
735 532 802 550 merita
822 538 863 551 esse
880 533 982 552 videbitur.
1003 533 1060 556 Quae
1077 535 1120 553 bene
1131 535 1170 553 nm

270 564 341 583 Daturn
356 564 424 583 ultima
439 564 554 582 Novembris
568 563 647 586 MDLll,
661 563 772 582 cracoviae.

297 637 342 657 794.
518 637 533 656 J
534 637 588 656 uno
601 637 680 658 tertio,
694 637 813 656 Pontifici
827 637 954 657 Romano.

866 683 890 702 1η
905 684 1001 706 Rouana,
1014 685 1028 703 5
1042 685 1129 704 Januan‘i
1138 685 1173 704 1⁵5&

335 721 355 740 Si
369 721 416 746 quid
431 721 455 739 ad
470 720 594 739 Sanctitatem
609 720 631 738 V.
651 719 713 738 adfert
726 720 741 738 is
756 719 877 738 Serenissimi
897 719 955 745 Regis
977 720 1128 745 lnternuncius¹,
1142 720 1174 746 quod

272 752 314 771 Stas
329 752 351 771 V.
366 752 430 770 minus
444 751 526 770 libenter
540 751 626 776 accipiat,
646 756 682 775 pro
697 757 741 769 meo
755 756 832 769 summo
847 750 865 769 in
881 750 930 770 hanc
945 751 1037 770 Sanctam
1053 752 1118 771 Sedem
1134 752 1174 771 mulin

271 784 337 807 doleo,
356 789 387 801 me
401 789 425 801 eo
439 783 475 801 loci
490 789 530 801 esse
545 789 583 801 non
604 782 699 807 potuisse,
718 782 769 800 unde
789 782 871 806 Legatus
891 782 989 806 profectus
1010 787 1048 806 est;
1068 784 1175 809 profectum

271 815 322 833 enirn
336 821 358 833 ex
373 814 482 836 Lithuania,
496 820 545 838 quae
559 820 570 832 a
585 814 641 832 nobis
655 819 726 838 magno
740 813 835 837 disjuncta
849 817 877 831 est
891 813 981 832 locorum
996 814 1102 834 intervallo.
1115 815 1175 834 Omnino

270 846 285 865 si
301 846 348 865 nihil
362 845 423 868 aliud,
443 845 559 864 obstitissem
578 848 628 863 certe
643 848 661 863 et
675 850 711 869 pro
725 844 817 868 dignitate
837 844 892 863 Sedis
909 844 965 863 istius
980 845 1005 863 ita
1020 846 1176 871 depugnassemflt

271 883 325 896 meus
339 877 359 895 in
373 877 425 895 illam
440 876 516 894 animus
530 875 640 900 planissime
654 875 736 900 perspici
752 875 855 899 potuisset;
872 876 904 894 sed
920 876 999 895 confido
1014 881 1085 900 tamen,
1098 876 1176 902 Regem&

271 908 318 927 nibil
332 915 342 926 a
357 912 449 927 consueta
468 911 547 926 naturae
567 913 612 926 suae
632 906 758 931 benignitate.
778 906 825 925 nihil
839 913 849 925 a
864 911 932 932 coepta
947 907 967 926 in
987 914 1030 926 earn
1051 908 1117 927 Sedem
1133 909 1177 927 obser·

270 940 342 963 vantia,
357 939 404 958 nihil
418 939 442 957 ab
457 938 522 957 officio
537 938 647 957 declinasse.
667 937 726 960 Quod
740 937 813 960 scribo,
833 938 880 956 illud
894 942 932 960 est,
952 939 1006 963 quod
1022 940 1100 958 memini
1116 939 1176 965 superio·

270 971 322 990 ribus
337 970 427 990 Comitiis
441 976 510 995 magna
525 975 593 988 eorum
608 969 738 991 contentione,
753 969 785 993 qui
800 969 823 987 ad
839 969 936 994 religionis
954 969 1099 990 innovationem
1112 971 1177 996 aspirm,

270 1003 387 1027 postulatum
402 1002 466 1024 fuisse,
481 1001 563 1025 Legatus
578 1004 599 1019 ut
613 1000 636 1018 ad
652 1000 723 1019 Statem
736 1000 758 1018 V.
771 1000 884 1023 mitteretur,
898 1001 922 1019 ab
937 1007 998 1025 eaque
1013 1006 1092 1026 peteret,
1103 1006 1122 1021 ut
1131 1001 1177 1020 iubet

271 1034 307 1053 isto
322 1038 376 1052 motu
391 1037 409 1052 et
423 1032 550 1052 concussione
565 1032 674 1056 religionis,
688 1031 846 1056 quandoquidem
861 1031 944 1050 Concilii
959 1032 997 1057 jam
1013 1039 1059 1057 spes
1072 1033 1139 1052 sublata
1152 1038 1177 1051 me

270 1065 314 1090 ipsis
328 1065 421 1087 videatur,
436 1064 465 1082 vel
479 1063 563 1088 aliquem
577 1063 601 1081 ad
616 1069 652 1081 nos
666 1063 689 1081 de
703 1063 741 1081 suis
756 1062 828 1085 mittat,
847 1063 880 1087 qui
895 1063 997 1082 nobiscum
1013 1064 1142 1085 deliberatione
1151 1069 1177 1083 m·

270 1100 324 1120 cepta
344 1095 449 1114 Ecclesiam
464 1095 482 1113 in
497 1098 548 1113 certa
567 1094 630 1119 aliqua
645 1098 663 1113 et
677 1099 720 1112 vera
740 1093 784 1112 fidei
801 1093 876 1112 ratione
896 1094 1009 1118 constituat,
1032 1096 1062 1114 vel
1076 1096 1091 1115 si
1104 1096 1121 1114 id
1138 1095 1177 1114 suem

270 1128 333 1146 minus
347 1127 450 1149 videretur,
465 1126 561 1150 permittat
574 1130 631 1150 atque
646 1125 729 1150 patiatur
743 1129 819 1144 nostrae
837 1125 896 1144 solius
913 1126 997 1145 nationis
1018 1126 1123 1146 Concilium
1140 1125 1178 1146 indici

270 1163 326 1184 atque
341 1158 443 1181 celebrari,
458 1157 488 1176 cui
503 1157 529 1176 rei
543 1163 603 1181 quum
618 1157 663 1175 satis
676 1157 724 1175 itum
739 1160 788 1175 esset
805 1157 895 1180 obvium,
911 1161 976 1176 tamen
991 1164 1014 1176 eo
1029 1158 1110 1177 deducta
1123 1158 1178 1179 (uiuet

270 1189 404 1209 internuncius
423 1189 447 1207 ad
462 1189 535 1207 Statem
550 1188 572 1206 V.
592 1188 704 1206 mitteretur.
727 1188 751 1206 Et
765 1192 805 1206 erat
824 1187 901 1212 quidem
922 1188 952 1207 ille
967 1189 1070 1208 confestim
1089 1190 1178 1214 designata.

270 1221 303 1240 sed
319 1227 380 1245 neque
395 1224 435 1239 tum
450 1220 547 1245 profectus
562 1223 598 1242 est,
613 1225 676 1243 neque
690 1219 723 1243 qui
739 1225 789 1237 nunc
804 1218 943 1243 proficiscitur,
958 1220 1009 1239 idem
1024 1225 1062 1244 est,
1076 1221 1107 1246 qui
1121 1220 1178 1239 suitde-

270 1252 361 1277 signatus.
376 1252 400 1270 Et
412 1258 463 1270 nunc
475 1257 506 1270 me
518 1250 595 1269 Hercle!
610 1250 661 1268 hunc
676 1250 724 1268 mitti
738 1250 802 1273 credo,
817 1256 857 1268 non
872 1255 909 1269 tam
925 1251 963 1270 ullu
977 1251 1014 1270 alia
1029 1253 1053 1271 de
1068 1259 1127 1275 causa,
1139 1256 1178 1276 quim

270 1288 291 1302 ut
305 1283 365 1308 Regia
379 1283 428 1301 Mtus
442 1289 477 1301 suo
491 1286 565 1301 tantum
581 1281 677 1306 promisso
694 1281 831 1306 defungeretur
844 1285 862 1299 et
876 1282 907 1300 ille
921 1286 1026 1307 antequam
1045 1289 1151 1308 responsum
1161 1288 1178 1301 re-

270 1315 325 1337 serat,
345 1314 437 1337 Comitia,
458 1320 506 1339 quae
520 1314 558 1338 jam
573 1313 642 1332 indicta
657 1316 701 1331 sunt
711 1313 724 1335 ²,
743 1312 850 1331 finirentur.
870 1312 908 1331 Sed
924 1317 966 1332 utut
980 1314 1013 1336 sit.
1028 1320 1066 1339 ego
1080 1315 1123 1333 haec
1135 1319 1179 1333 tamen

270 1346 318 1365 Stati
333 1346 355 1364 V.
370 1345 476 1370 significare
491 1345 550 1363 volui:
571 1350 610 1363 non
624 1344 692 1366 deero,
712 1343 761 1362 sicut
776 1349 875 1369 nunquam
890 1343 952 1367 defui,
972 1344 991 1363 in
1006 1345 1036 1364 his
1052 1345 1137 1365 Comitiis
1152 1344 1179 1363 reli-

270 1377 332 1402 gioni,
351 1377 455 1400 Ecclesiae,
475 1376 520 1395 Sedi
543 1376 651 1398 Romanae,
674 1375 696 1393 V.
715 1375 799 1399 denique
816 1375 873 1398 Stati,
893 1381 955 1400 neque
979 1382 1019 1395 non
1044 1377 1105 1402 magis
1123 1383 1140 1396 re
1155 1376 1180 1400 ipa

269 1409 380 1434 praestabo,
400 1414 458 1433 quam
478 1407 571 1432 promitto
588 1407 661 1429 verbis;
680 1406 766 1431 intelligo
785 1406 847 1429 enim,
867 1406 882 1425 si
897 1407 997 1431 superiora
1019 1412 1085 1427 nostra
1104 1406 1181 1427 Corniti=²

270 1440 317 1458 dura
332 1439 419 1464 religioni
433 1443 452 1458 et
466 1438 560 1457 Ecclesiae
575 1438 642 1457 acerba
657 1437 741 1460 suerunt,
755 1438 801 1456 haec
814 1437 876 1456 multo
892 1437 932 1457 fore
944 1438 1023 1458 duriora
1038 1440 1136 1465 multoque
1147 1443 1181 1458 ater·

270 1471 330 1490 biera.
355 1470 444 1489 Excitant
458 1476 488 1488 me
503 1474 521 1488 et
535 1469 655 1488 inflammant
675 1475 719 1487 curn
734 1473 795 1488 cetera
815 1473 856 1487 turn
871 1469 918 1488 illud
936 1469 1004 1494 etiarn,
1024 1471 1079 1495 quod
1098 1471 1182 1490 multorum

270 1503 294 1521 ad
308 1508 339 1521 me
353 1501 411 1520 literis
426 1501 495 1520 isthinc
509 1500 609 1526 perfertur,
630 1506 660 1519 me
674 1506 713 1519 esse
728 1506 768 1518 non
783 1500 802 1519 in
816 1500 900 1525 pessima
917 1500 978 1525 gratia
993 1501 1052 1521 statis
1067 1502 1098 1525 V„
1116 1508 1148 1528 pro
1158 1505 1183 1526 qiu

270 1539 314 1552 cum
328 1533 408 1552 antehac
421 1538 497 1557 semper
511 1531 654 1555 contenderim,
669 1535 710 1549 turn
725 1531 815 1556 deinceps
829 1531 917 1556 profecto
932 1532 958 1550 ita
972 1532 1043 1556 enitar.
1062 1538 1084 1552 ut
1099 1534 1147 1553 illam
1158 1538 1184 1552 m*
1198 1532 1201 1537 “

270 1565 299 1590 gis
312 1570 334 1583 ac
348 1564 409 1589 magis
428 1563 520 1582 meruisse
540 1563 642 1582 existimer.
663 1563 706 1585 Qua
721 1562 740 1580 in
755 1568 774 1581 re
791 1562 838 1581 illud
858 1563 928 1587 miror,
949 1569 979 1582 me
994 1565 1127 1584 concessionis
1144 1564 1185 1586 illius

306 1638 311 1648 ¹
333 1637 407 1652 Albertus
419 1636 480 1657 Kryski.
491 1636 515 1652 Cf.
527 1635 557 1657 796
568 1639 583 1651 et
595 1635 661 1655 Szujski,
673 1635 762 1655 Scriptores
772 1640 803 1651 rer.
815 1635 891 1654 Polonieq
903 1636 908 1651 1
919 1640 939 1656 97
951 1639 967 1651 ct
978 1641 1016 1657 sqq.

305 1663 312 1675 Ι
333 1663 417 1679 Crncnviae
431 1663 450 1678 nd
464 1663 505 1678 diem
522 1667 534 1678 s.
549 1662 611 1678 Priscae
623 1661 650 1681 (=
663 1661 681 1677 18
695 1661 770 1682 Ianuarii)
789 1661 832 1677 155³.
849 1661 892 1679 Prof.
908 1662 936 1678 dra
950 1662 977 1678 W.
988 1662 1123 1686 Zskrzevnkiego
1137 1663 1189 1686 Wyp'uy

333 1694 341 1706 Ι
353 1689 419 1711 Metryki
430 1689 512 1709 koronnej.
575 1688 582 1699 ¹
596 1688 614 1703 A.
628 1686 672 1703 1552.
