1465 2093
574 209 714 223 EPtSTmianmvt
727 210 790 225 ntum,
804 210 853 223 unt..
1143 205 1180 229 263

267 292 316 311 5⁶24.
487 293 611 315 samueli,
628 293 756 317 Episcopo
772 294 942 312 cracoviensi.

854 340 957 362 Sobcovis,
971 346 1002 359 cx.
1018 341 1107 365 Augusto
1123 341 1180 358 1550.

309 376 376 398 Quum
397 376 507 395 servitorem
528 376 579 395 hunc
594 383 658 395 meum
677 383 700 395 eo
715 377 833 401 ablegarem,
854 377 916 398 nolui,
931 381 952 395 ut
965 383 1035 395 vacuus
1056 377 1103 396 meis
1124 377 1182 395 literis

256 421 265 425 ..
283 408 352 426 Dtioni
367 408 389 426 V.
404 412 512 432 appareret,
526 408 556 426 cui
571 408 723 427 incolumitatem
738 413 756 427 et
770 414 867 427 successus
882 414 949 426 omnes
964 414 1068 432 prosperos
1084 415 1105 426 ex
1117 408 1182 426 animo

256 444 322 457 recor.
348 439 450 457 Codanum
464 445 507 457 sum
528 439 597 462 iturus,
618 444 639 458 ut
654 439 708 457 isthic
726 446 770 458 cum
785 440 808 458 de
823 440 879 458 rebus
900 440 974 462 ceteris,
996 444 1037 458 tum
1052 440 1075 458 de
1090 440 1182 464 religione

256 470 320 494 liquid
335 477 344 488 a
360 475 425 489 nostra
439 471 579 489 consuetudine
594 477 632 489 non
647 471 752 489 abhorrens
766 471 902 489 constituatur:
924 475 966 489 utar
980 471 998 489 in
1015 471 1069 489 omni
1084 477 1103 489 re
1118 471 1182 495 aequi-

256 505 283 519 tte
299 505 318 520 et
332 502 471 524 moderatione,
486 506 507 520 ut
521 502 575 520 facile
589 508 670 526 sperem,
685 502 727 520 illos
741 502 792 520 dicto
807 506 874 520 nostro
889 502 988 520 audientes
1003 501 1049 520 sore.
1065 502 1102 520 Sed
1117 506 1181 520 tamen

258 536 266 550 t
281 533 384 557 :requitatis
399 539 453 551 nicae
468 539 489 551 ae
504 533 641 552 moderationis
656 533 704 551 ratio
723 533 782 557 magis
802 537 902 557 apparent,
922 533 997 551 muniat
1015 539 1051 553 mc,
1066 539 1144 557 quaese,
1160 533 1182 551 R.

256 564 295 582 ›tio
311 564 333 582 V.
348 564 453 588 Regiarum
468 565 491 582 ad
507 565 558 588 ipsos
572 564 669 583 literarum
685 564 792 583 autoritate.
807 564 858 582 Bene
873 564 939 582 valeat.

274 652 319 672 525.
503 653 600 672 Joanni
615 653 717 672 oeieski
731 653 939 672 Procancenario

862 705 961 727 Sobeovis,
976 711 1006 723 rx.
1021 706 1110 730 Augusto
1125 706 1183 724 1551).

314 741 377 759 Habui
397 741 478 765 gratiam
492 745 510 759 ct
524 741 586 760 habeo
601 741 623 760 V.
639 742 696 760 Mtiae
714 748 749 766 pro
767 741 826 765 gratia
846 746 904 766 atque
924 741 1068 764 benevolentia,
1090 748 1148 766 quam
1163 748 1185 760 cx

256 772 310 791 literis
323 772 382 797 ipsius
397 778 458 797 exque
473 779 516 791 meo
531 772 649 791 Cancellario
665 773 754 795 intellexi,
769 773 787 791 in
800 778 836 797 qua
852 773 898 791 dum
913 772 1023 797 perstiterit,
1038 777 1140 797 cognoscet
1153 779 1184 791 me

257 803 289 822 sibi
303 804 451 828 respondentem
466 804 518 822 omni
533 810 599 822 amore
614 808 671 828 atque
685 803 756 822 officio.
772 804 827 822 Nunc
842 810 890 828 quae
903 810 924 822 cx
938 804 958 822 V.
972 804 1018 822 Mtiu
1032 810 1081 828 opus
1095 804 1183 826 habeam,

260 834 320 852 reseret
334 835 369 859 ipsi
381 834 473 859 Cybulski
489 835 518 856 liic
533 840 595 853 meus:
608 841 687 860 quaeso,
700 835 747 853 mihi
761 839 782 853 ut
797 835 816 853 in
829 835 851 853 iis
867 835 937 853 auxilio
950 835 974 853 sit
986 835 1007 853 V.
1023 835 1075 857 Mtia,
1088 835 1106 853 in
1122 835 1183 860 iisque

261 866 364 890 praecipue,
385 872 433 890 quae
448 867 498 890 apud
514 866 537 884 R.
552 866 631 884 Mtatern
652 872 688 890 pro
703 866 845 884 Bartholomaei
858 866 919 884 fratris
934 865 1076 890 Capitaneatu¹
1096 872 1139 890 ago.
1157 868 1184 884 Ac

261 897 334 915 omnino
354 904 401 922 quas
421 898 483 916 literas
498 898 522 916 ad
536 897 660 916 Gedunenses
679 897 772 922 Cybulski
788 903 809 915 ex
824 897 942 916 Cancellaria
957 897 979 915 V.
1002 897 1059 915 Mtiac
1080 897 1126 922 petit
1141 903 1185 915 meo

260 929 338 950 nornine,
353 928 417 951 facito,
433 933 452 947 ut
467 929 485 947 in
500 929 522 947 iis
536 929 595 953 gratia
611 929 670 953 ipsius
685 933 703 947 et
717 928 849 947 benevolentia
865 934 908 953 erga
923 935 953 947 inc
968 928 1050 953 perspici
1065 929 1131 953 possit.

283 1016 324 1037 526.
490 1018 614 1039 samueli,
630 1018 758 1041 Episcopo
773 1018 944 1037 cracoviensi.

624 1094 626 1096 r
801 1070 900 1092 Sobcovis,
915 1070 993 1088 ineunte
1007 1070 1115 1094 Septembri
1130 1070 1187 1087 1550.

318 1106 375 1128 Quod
390 1106 437 1125 mihi
452 1106 551 1131 negotium
567 1106 611 1125 fecit
623 1106 645 1125 R.
658 1107 703 1125 Dtio
716 1106 745 1129 V.‚
758 1107 810 1131 quod
823 1112 869 1131 paee
881 1106 940 1131 ipsius
954 1106 1041 1128 dixerim,
1056 1112 1101 1125 cum
1112 1106 1187 1124 Abbate

257 1135 340 1157 Olivensi
350 1138 363 1161 ²,
384 1138 431 1156 illud
445 1138 485 1162 ipsa
503 1138 592 1162 expediat
611 1143 672 1162 rog03
693 1144 736 1156 nam
751 1138 766 1156 si
781 1138 811 1156 ille
832 1138 890 1156 fretus
905 1138 926 1156 V.
943 1138 965 1156 R.
980 1137 1051 1156 Dtione
1072 1137 1188 1162 posthabere

257 1170 315 1187 Semel
328 1170 447 1188 autoritatem
463 1176 525 1188 meam
537 1175 595 1188 ausus
609 1169 650 1192 fuit,
665 1175 737 1192 vereor,
758 1175 781 1188 ne
796 1169 875 1187 ulterius
890 1169 949 1187 elatus
964 1169 1036 1187 malum
1057 1169 1121 1193 ipsum
1135 1169 1188 1192 inge-

257 1199 329 1219 minare
347 1205 413 1219 tentet.
436 1201 473 1219 Sed
489 1201 534 1225 quid
555 1201 615 1219 vereri
636 1207 672 1219 me·
682 1199 732 1219 dixi?
755 1206 815 1225 quum
831 1200 854 1218 ad
869 1206 904 1218 nos
919 1206 958 1218 non
979 1200 1055 1218 incertis
1078 1199 1188 1218 rumoribus

256 1232 371 1254 pervenerit,
392 1232 457 1250 animo
472 1232 491 1250 id
506 1232 560 1250 illum
575 1232 651 1250 volvere
665 1236 723 1256 atque
737 1231 819 1256 agitare,
840 1237 863 1250 ne
878 1237 915 1256 qua
930 1231 1028 1250 autoritati
1049 1237 1102 1249 meae
1123 1236 1189 1255 parere

256 1259 347 1281 Videatur.
362 1263 404 1287 Ego
419 1269 449 1281 me
464 1262 526 1281 isthuc
540 1269 585 1281 sane
600 1263 680 1287 recipio:
695 1263 727 1281 ubi
740 1263 754 1281 si
767 1262 812 1287 quid
828 1262 874 1281 mihi
889 1268 971 1287 persona
985 1262 1021 1281 hac
1033 1268 1075 1280 mee
1087 1262 1188 1286 indignum

256 1294 366 1319 cmitigerit,
387 1294 449 1312 videat
464 1294 486 1312 V.
502 1294 524 1312 R.
539 1294 594 1317 Dtio,
615 1300 638 1312 ne
652 1294 671 1312 id
686 1298 748 1312 totum
763 1293 799 1318 ipsi
814 1298 913 1318 acceptum
928 1293 976 1312 serre
991 1293 1032 1317 jure
1046 1299 1126 1318 queam,
1141 1299 1189 1317 quae

256 1319 307 1344 hunc
325 1325 441 1344 monachum
461 1332 499 1344 non
515 1325 574 1343 modo
589 1329 664 1350 praeter
675 1329 707 1343 aut
719 1329 785 1343 contra
799 1325 918 1343 voluntatem
934 1331 1002 1347 meam,
1016 1325 1049 1343 sed
1064 1324 1121 1343 etiam
1136 1330 1188 1348 prae-

256 1355 288 1374 (ἓν
300 1361 317 1375 et
330 1361 396 1375 contra
411 1357 559 1381 pollicitationes
573 1363 622 1380 suns,
637 1356 695 1375 literis
710 1356 842 1381 consignatas,
857 1361 962 1380 contraque
977 1355 1047 1380 Regias
1061 1356 1134 1380 priores
1148 1355 1189 1373 lite-

256 1388 293 1412 ras,
307 1389 402 1407 Abbatem
417 1388 488 1410 fecerit,
503 1388 518 1406 si
533 1388 592 1406 modo
607 1394 652 1406 curn
666 1388 762 1406 Abbatem
776 1388 873 1412 appellare
888 1387 915 1405 fas
930 1391 963 1406 est.
979 1387 1015 1405 Det
1029 1387 1054 1405 ad
1068 1387 1119 1405 hunc
1140 1390 1189 1404 cete>

256 1420 325 1444 t'cosque
341 1420 386 1438 item
406 1419 461 1443 Regii
476 1419 560 1437 mandati
580 1425 661 1443 suasque
678 1419 750 1442 literas,
773 1418 837 1437 moliri
851 1424 874 1437 ne
889 1418 936 1443 quid
953 1418 1045 1441 audeant,
1067 1418 1122 1452 guod
1142 1417 1189 1435 mihi

256 1451 398 1476 Iluoquomodo
413 1451 512 1469 adversum
524 1450 583 1468 videri
598 1450 665 1474 possit,
680 1450 799 1474 Episcopum
811 1456 841 1468 me
853 1449 917 1473 potius
929 1453 987 1473 atque
1000 1449 1119 1467 ordinarium
1131 1454 1188 1467 snum

256 1486 371 1508 ignoscant,
391 1481 455 1500 studio
470 1487 509 1504 me,
529 1487 568 1506 quo
583 1481 646 1504 decet,
661 1481 790 1504 observantia,
809 1487 845 1505 qua
860 1481 940 1503 debent,
961 1484 1112 1505 prosequantur,
1132 1483 1189 1504 atque

256 1514 338 1533 >mnino
353 1513 405 1531 dicto
425 1517 491 1531 nostro
511 1512 610 1531 audientes
625 1516 645 1531 ut
659 1512 702 1531 sint.
722 1512 764 1537 Ego
779 1512 829 1531 dabo
847 1518 937 1536 operam,
958 1516 979 1530 ut
992 1511 1078 1530 officium
1098 1511 1189 1529 autorita-

257 1551 334 1570 ernque
352 1550 415 1562 meam
430 1543 558 1562 aedificationi
573 1544 708 1566 accomodem,
729 1549 768 1561 non
783 1543 917 1566 destructioni,
932 1546 950 1561 et
964 1542 1029 1561 omnia
1044 1542 1121 1563 faciam,
1141 1541 1189 1560 sicut

256 1577 327 1596 ’aulus
341 1576 401 1600 jubet,
416 1575 435 1593 in
449 1575 517 1599 spiritu
532 1575 621 1593 lenitatis.
644 1575 721 1593 Datum.

285 1677 291 1687 ¹
317 1674 415 1692 Diboviensi,
427 1674 446 1689 ci.
458 1673 493 1690 523.

283 1703 290 1714 ²
316 1701 405 1717 Lambcrto
417 1700 461 1715 Sleff.
