1465 2093
270 204 306 223 556
645 209 662 224 Α.
677 207 837 221 zunrmmowsn.

269 267 348 279 aureum
364 267 403 279 non
417 260 488 283 curavi,
502 260 560 284 igitur
573 264 613 278 tam
627 260 716 278 acerbam
730 259 831 283 epistolam
846 258 959 278 commerui.
971 258 1047 282 Videte,
1059 262 1151 283 quantum
1160 264 1187 277 nun

269 292 350 311 caritatis
366 292 465 315 fraternae,
479 292 512 310 sed
527 291 619 316 gravioris
634 291 673 309 odii
688 297 709 309 ex
724 291 778 309 omni
793 294 846 315 parte
860 296 880 309 se
894 290 989 314 ostendat,
1005 296 1068 315 quum
1082 295 1107 308 ne
1120 289 1187 308 minimi!

269 324 348 348 quidem
367 323 425 342 rebus
444 329 521 347 parcere
541 322 588 341 mihi
603 322 708 341 volueritis.
730 322 856 341 Subditorum
876 321 1008 346 querimoniae
1023 327 1063 340 non
1080 324 1125 339 sunt
1143 327 1187 339 nom

268 355 319 380 apud
334 361 377 378 vos,
399 360 446 379 quas
460 354 475 372 si
490 360 543 372 veras
563 360 663 378 nunquam
683 353 740 372 fuisse
760 353 886 378 cognovistis,
910 359 950 371 non
970 356 1009 371 tarn
1029 353 1096 371 subito
1119 352 1188 372 maleel:

269 386 371 405 Praefectis
386 386 433 404 meis
448 385 555 403 existimare
576 385 677 408 debuistis,
698 390 747 409 quos
762 390 801 403 non
816 388 916 409 tyrannos,
934 384 967 403 sed
981 384 1098 403 christianos
1117 384 1188 403 homins

269 424 309 436 esse
324 417 407 442 cogitare
422 417 516 441 potuistis.
532 416 567 434 His
582 416 639 441 igitur
653 420 682 434 tot
696 416 809 434 criminibus
824 421 885 440 quum
899 422 930 434 me
944 422 984 434 non
998 415 1044 434 satis
1058 416 1122 434 adhuc
1137 421 1188 435 onen-

269 453 309 467 tum
325 455 364 467 esse
379 448 518 469 existimaretis,
532 448 551 466 in
567 451 651 466 extremo
666 447 765 466 literarum
780 447 842 465 minas
856 447 950 472 quasdam
964 451 983 465 et
997 447 1127 466 conscientiae
1143 451 1188 466 terro-

269 486 309 498 rem
324 479 424 504 adjecistis.
440 478 575 497 Conscientiae
590 485 643 497 meae
657 479 673 497 si
688 478 744 497 vobis
758 478 852 497 rationem
868 478 946 496 reddere
961 478 1064 501 deberem,
1079 478 1146 497 frustra
1158 484 1189 503 :ge-

268 516 318 534 rem;
339 516 411 535 quaero
427 514 500 533 tamen,
520 510 567 534 quid
582 514 617 533 est,
636 510 655 528 in
670 516 709 534 quo
724 509 862 528 conscientiam
881 516 944 528 meam
963 509 1086 533 liberiorem,
1106 515 1160 534 quam
1171 514 1190 529 m

269 548 329 565 nunc,
351 548 391 560 esse
406 540 477 560 velitis?
498 541 643 559 Nominandum
658 545 697 560 erat
711 547 768 566 grave
782 541 862 565 aliquod
876 540 957 563 crimen,
977 547 1017 565 quo
1032 541 1148 560 conscientia
1160 547 1190 560 men

268 573 367 592 manifeste
382 573 484 591 constricta
499 576 599 591 teneretur.
615 572 671 591 Certe
683 572 717 591 ubi
730 572 789 591 multa
803 578 864 595 avare,
879 573 939 590 rnulta
951 572 1029 595 nefarie,
1044 572 1106 591 multa
1118 573 1191 597 improbe

270 604 327 626 fiunt,
348 604 396 622 inter
410 607 439 622 tot
453 603 523 628 flagitia
543 603 605 622 scelus
620 607 637 622 et
652 604 724 622 crimen
745 604 803 622 latere
818 609 857 622 non
871 607 944 628 potest,
964 603 1035 622 horurn
1056 604 1116 629 igitur
1129 604 1143 622 si
1156 604 1192 623 nihil

269 641 303 653 vos
318 635 430 659 protulistis,
445 635 491 659 quid
506 639 539 657 est,
555 635 573 653 in
588 640 628 659 quo
643 634 781 653 conscientiam
796 641 858 653 meam
872 635 951 653 liberam
966 641 1006 654 esse
1021 634 1120 654 voluistis?
1137 635 1192 654 Videte

270 666 327 685 etiam
342 670 398 690 atquc
413 666 476 688 etiam,
492 672 515 684 ne
530 666 554 684 ita
568 665 651 684 alienam
666 666 802 684 conscientiam
817 666 914 689 accusetis,
929 666 1001 685 nullam
1016 670 1038 685 ut
1052 673 1098 686 suae
1111 667 1193 686 rationem

270 697 340 716 habere
355 697 464 715 videamini.
483 697 544 715 Minas
559 703 618 721 porro
634 701 705 716 vestras
720 697 773 722 quod
789 697 865 720 attinet,
885 697 922 716 hoc
936 703 997 716 unum
1011 698 1041 716 bis
1056 698 1154 721 habetote,
1170 704 1194 717 me
1218 702 1220 718 j

270 728 326 747 nullis
341 728 398 746 minis
413 728 478 746 vestris
493 728 618 751 commoveri,
633 728 666 752 qui
681 734 759 747 omnem
774 729 822 747 vitae
837 735 890 747 meae
907 729 1001 747 rationem
1016 729 1042 747 ita
1056 736 1134 754 semper
1151 730 1195 748 insti-

269 759 353 782 tuebarn,
365 763 386 777 ut
397 759 534 777 obtrectatores
549 765 587 777 non
602 763 702 782 metueret,
718 763 838 778 accusatores
853 766 893 778 non
908 760 1025 779 formidaret
1040 760 1108 783 Quare
1120 765 1138 779 et
1151 761 1196 779 vobis

268 790 347 813 suadeo,
362 790 386 808 ita
401 796 412 808 a
426 796 456 808 me
471 790 520 808 vitae
540 790 634 809 rationem
650 790 760 815 reposcens,
780 791 860 809 reddere
874 795 895 809 ut
909 791 984 816 possitis
999 797 1056 815 suae;
1076 792 1096 810 in
1111 798 1142 811 me
1155 796 1197 811 certe

270 821 344 840 nullum
359 821 431 839 crimen
451 825 526 839 tantum
541 821 622 840 conferri
642 826 715 846 potest,
736 822 789 846 quod
805 828 844 840 non
864 822 927 841 statim
942 829 984 841 mea
1002 823 1104 848 integritas
1119 827 1137 842 et
1150 824 1198 842 inno-

269 852 330 871 centia
351 851 425 876 frangat
439 856 496 877 atque
516 852 607 871 debilitet.
630 853 730 877 Respondi
744 853 782 878 jam
802 853 969 872 criminationibus
985 854 1064 877 vestris,
1084 861 1126 873 non
1140 858 1160 873 ut
1171 861 1199 874 vos

268 884 390 906 lacesserem,
404 883 437 902 sed
452 887 473 902 ut
486 889 517 902 me
532 883 552 902 in
567 889 596 907 eo,
610 883 630 902 in
646 890 684 908 quo
699 890 788 908 accusor,
806 885 830 903 ab
845 885 899 903 omni
913 885 968 910 culpa
987 886 1073 904 alienum
1089 892 1131 905 esse
1144 890 1200 905 osten-

270 915 345 938 derem;
365 921 399 933 vos
413 914 471 939 igitur
485 915 504 933 in
519 914 597 933 Christo
617 915 661 933 Jesu
679 916 728 934 bene
742 916 802 934 valete
816 920 834 934 et
849 920 936 935 nostrum
957 917 1063 936 adventum
1083 918 1202 943 aequioribus

269 946 338 965 animis
358 950 471 971 exspectate.
494 946 553 965 Datae
573 952 594 965 ex
614 952 656 965 arce
677 951 742 965 nostra
763 951 841 971 paterna
856 947 983 972 Wieczbork,
1004 948 1036 966 die
1058 949 1128 973 quinta
1147 949 1203 968 Martii

270 979 293 995 A.
308 977 332 995 Ι).
350 978 404 1001 1560.
420 977 461 995 RR.
477 977 571 996 Dtionum
586 977 626 995 VV.
642 977 699 996 frater
712 977 783 1002 junior,
798 979 895 1002 Andreas,
910 979 945 997 Dei
959 979 1021 1004 gratia
1035 979 1150 1005 Episcopus
1163 980 1203 999 Cn-

270 1015 363 1028 covxens1s
378 1015 436 1027 manu
450 1015 490 1028 sua.

1209 1943 1220 1970 ιμ
