1465 2093
523 209 664 223 memmi-m
677 209 738 226 mm,
752 210 809 223 mm.
1099 210 1135 228 303

202 261 261 279 ullam
276 261 334 279 aliam
348 261 374 280 ob
388 267 464 280 causam
479 265 554 286 gratum
570 265 604 284 est,
619 267 677 286 quam
692 261 744 285 quod
759 261 851 285 intelligo,
866 261 888 279 V.
903 261 977 279 Ftatem
992 261 1041 279 bene
1055 261 1079 279 de
1093 267 1135 279 mea

200 296 216 311 et
231 292 336 316 prudentia
348 296 431 311 statuere
445 296 464 311 et
478 292 609 311 benevolentia
622 298 666 317 erga
678 298 708 310 rne
719 292 832 310 existimare.
846 292 904 314 Quod
916 298 976 316 quum
991 292 1016 310 ita
1030 292 1063 315 sit,
1078 292 1135 315 dabo,

200 328 295 348 quantum
311 324 392 342 maxime
407 327 482 348 potero,
496 330 585 348 operam,
600 327 621 342 ut
634 324 649 342 si
664 323 766 348 prudentia
783 327 841 348 atque
858 323 939 342 consilio
954 329 993 341 non
1008 327 1087 348 potero,
1103 323 1135 341 be-

178 372 181 374 ,
199 355 309 373 nevolentia
324 354 350 373 illi
365 359 429 373 tamen
444 355 557 373 satisfaciam
573 359 622 373 certe
637 355 722 379 quidem.
737 355 758 373 ln
773 360 811 379 quo
825 355 849 373 ad
864 361 894 373 me
909 355 975 373 scribit
986 354 1008 373 V.
1024 354 1074 377 Ftas,
1086 354 1133 372 mihi

197 386 222 404 sic
237 386 321 405 videtur.
343 386 438 405 Moniales
452 386 467 404 si
482 386 622 405 absolutionem
643 390 719 411 petunt,
739 390 760 404 ut
774 390 852 410 petunt,
874 386 931 404 etiam
945 386 1004 410 Regia
1023 385 1134 410 interposita

196 417 310 441 autoritate,
330 417 367 436 hoc
381 418 418 436 isto
433 417 475 442 ipso
490 417 540 436 sacto
554 418 577 436 ab
592 417 721 442 appellatione
735 417 840 440 desistunt,
855 417 899 436 inde
913 417 972 439 adeo,
992 417 1045 441 quod
1060 420 1134 435 contra-

196 448 245 466 riam
261 454 302 467 rem
317 448 443 472 appellationi
458 448 535 467 faciunt.
550 449 599 467 Mras
618 449 641 467 R.
659 449 712 473 quod
727 449 821 471 hortatur,
836 448 854 466 id
869 448 895 467 illi
910 448 974 472 negari
989 454 1027 466 non
1043 452 1134 472 oportere

195 479 294 498 existimo.
309 479 361 498 Tolli
376 486 465 498 censuras
479 480 503 498 ad
517 484 592 504 tempus
607 486 617 498 a
632 479 749 498 Monialibus
764 486 839 502 censeo,
854 484 911 498 restat
925 479 986 502 forma
1000 479 1134 501 absolutionis,

195 517 206 529 a
216 517 256 535 qua
266 511 303 529 sibi
318 511 390 529 discere
405 517 444 529 non
459 517 500 529 esse
514 511 617 535 integrum,
631 511 697 529 scribit
711 511 733 529 V.
748 510 798 529 Ftas.
816 511 858 535 Ego
873 511 899 529 sic
914 511 1010 533 existimo,
1024 514 1133 535 pertentan-

195 542 233 560 dos
248 548 290 560 esse
304 542 380 560 animos
394 542 507 561 Monialium
522 542 581 566 prius,
596 549 620 561 an
635 542 658 561 de
673 548 728 560 more
742 543 804 567 jurare
819 542 924 563 voluerint,
942 541 982 560 fieri
997 542 1049 560 enim
1063 546 1133 566 potest,

195 576 218 592 ut
233 580 286 592 nunc
301 574 359 592 velint
372 573 469 595 adflictae,
490 574 542 598 quod
557 573 661 592 noluerunt
675 573 721 592 olim
737 577 869 596 contumaces,
889 573 958 591 deinde
973 573 988 591 si
1004 573 1080 595 nolunt,
1098 573 1133 591 lar-

195 604 291 629 giendum
312 604 348 623 hoc
363 611 404 623 esse
418 608 436 624 et
450 604 473 623 R.
491 605 545 623 Mtnti
566 609 584 623 ct
603 605 694 629 tempori,
715 608 733 623 et
751 604 797 623 mihi
818 610 896 626 censeo,
916 604 1022 629 jusjurandi
1042 605 1094 628 rigor
1113 608 1134 622 ut

195 636 313 659 remittatur,
328 636 411 660 reliquae
432 636 560 655 coerimoniac
575 636 707 655 adhibeantur.
722 636 771 654 Nam
786 636 839 660 quod
854 635 983 660 suspicionem
1001 635 1056 654 alieni
1071 635 1133 654 homi-

196 667 227 685 nis
241 673 252 685 a
267 667 317 685 Sede
330 667 443 691 Apostolica
458 671 539 690 veretur,
553 667 568 686 si
583 667 671 686 usitatam
686 667 788 686 formulam
803 667 915 690 immutarit,
930 667 976 685 haec
990 667 1073 691 suspicio
1088 667 1133 685 inde

196 698 216 716 in
231 698 255 717 V.
271 698 345 717 Ftatem
366 699 433 717 cadere
448 704 488 717 non
503 703 575 727 potest,
594 699 648 723 quod
664 705 703 717 non
718 704 740 717 ex
755 698 900 722 contemptione
917 698 954 716 ulla
969 702 1001 716 aut
1015 704 1079 716 rerum
1099 704 1133 716 no-

195 730 281 752 vatione,
295 730 329 748 sed
343 730 455 748 necessitate
470 733 488 748 et
502 730 598 754 plerisque
612 729 728 754 gravissimis
747 729 808 748 causis
823 730 904 748 adducta
919 730 942 748 de
957 736 978 748 ea
993 729 1081 748 nonnihil
1098 730 1133 748 im-

196 765 265 779 mutet.
280 760 347 779 Scribo
362 760 480 779 Monialibus
492 761 503 783 ¹,
518 761 571 785 cujus
586 761 612 779 rei
627 765 646 779 et
659 761 722 779 literas
736 761 787 785 ipsas
805 765 823 779 et
837 761 946 785 exemplum
970 761 1025 779 mitto
1040 761 1062 779 V.
1077 761 1133 784 Ftati,

196 792 230 810 ubi
246 792 270 810 de
284 792 383 811 voluntate
403 798 445 810 mea
460 792 485 810 ita
500 792 541 810 illas
560 792 609 810 facio
631 792 729 813 certiores,
749 796 770 810 ut
783 792 799 810 si
813 792 835 810 V.
854 792 902 810 Ftaxi
925 792 1014 810 adversas
1028 798 1047 810 se
1062 792 1134 810 diutius

194 823 331 847 praebuerint,
346 830 376 842 rne
390 823 426 842 sibi
441 824 542 842 adversum
558 823 598 842 fore
613 823 725 848 intelligant.
747 823 796 841 Nam
811 829 857 847 ego,
877 827 897 841 ut
911 823 1023 847 indignitate
1038 823 1059 842 V.
1075 823 1133 842 Ftatis

196 858 290 879 tanquam
306 860 348 873 mea
363 860 489 879 promoveor,
508 854 534 872 sic
549 854 670 872 autoritatem
691 854 740 872 illius
758 854 809 872 haud
828 854 889 873 multo
909 854 973 873 minus
992 860 1049 879 quam
1070 861 1132 873 meam

196 886 258 910 ipsius
272 892 315 904 sum
329 885 452 908 defensurus;
467 886 497 904 illa
512 886 571 904 modo
586 892 622 908 me,
637 886 686 904 sicut
700 885 769 910 coepit,
784 886 858 908 audiat,
878 889 896 904 et
910 886 970 904 valeat
985 886 1039 904 bene.
1060 886 1132 904 Volbo-

197 917 244 939 riae,
260 916 275 934 ll
290 917 359 935 Martii.
593 925 595 927 >

221 979 268 998 593.
342 979 450 998 Nieolao
464 980 618 1001 Kobilnicki.
633 980 781 1003 Praeposito
795 980 986 999 Varszaviensi.

842 1021 951 1044 Volbo'riae,
966 1022 979 1039 2
992 1021 1062 1040 Martii
1076 1022 1130 1040 1551.

261 1057 334 1076 Literas
345 1064 355 1076 a
367 1058 389 1076 V.
402 1058 456 1076 Frate
470 1064 532 1082 neque
546 1058 594 1076 ullas
608 1062 683 1082 praeter
697 1058 741 1077 istas
755 1058 895 1077 recentissimas
909 1057 974 1080 habui,
989 1063 1051 1082 neque
1065 1058 1130 1076 Dnum

195 1089 281 1107 Niseicki
296 1095 318 1107 ex
330 1095 353 1107 eo
366 1093 452 1113 tempore
467 1089 512 1112 vidi,
527 1095 567 1114 quo
582 1089 636 1108 illum
651 1089 735 1108 Plocium
746 1089 753 1102 ²
767 1089 862 1107 miseram.
877 1090 905 1107 Ae
920 1089 985 1107 nescio
1000 1089 1085 1113 quidem,
1097 1095 1131 1108 cur

195 1120 244 1139 haec
259 1124 325 1138 nostra
339 1120 405 1138 missio
420 1120 501 1139 ridiculo
516 1120 571 1139 isthic
590 1127 629 1139 esse
644 1121 749 1142 debuisset,
767 1124 788 1139 ut
801 1120 865 1139 scribit
881 1120 902 1139 V.
918 1120 967 1139 Ftas.
988 1120 1008 1138 Si
1022 1124 1130 1145 propterea,

195 1151 250 1176 quod
265 1151 366 1175 pecuniam
381 1155 449 1170 mutuo
463 1151 579 1176 quaerimus,
594 1158 614 1170 ea
630 1152 708 1177 quidem
723 1152 797 1170 ridendi
812 1152 891 1170 minime
905 1151 953 1176 justu
969 1155 997 1170 est
1010 1157 1071 1175 causa,
1086 1157 1130 1170 nam

194 1182 211 1201 si
226 1182 271 1201 illos
291 1186 366 1201 nostros
385 1183 468 1207 majores
478 1183 491 1206 ³,
511 1183 544 1207 qui
558 1183 587 1202 vel
604 1183 680 1202 duobus
699 1183 847 1208 Episcopatibus
865 1183 942 1208 primis,
961 1183 991 1201 vel
1005 1183 1130 1207 Episcopatui

195 1214 271 1238 primo,
286 1214 400 1238 optimoque
414 1214 496 1238 cuipiam
512 1214 574 1239 Regni
588 1214 662 1238 officio,
677 1215 767 1239 praefecti
782 1214 867 1238 fuerunt,
885 1220 943 1233 nemo
958 1214 1007 1238 risit,
1022 1220 1083 1238 quum
1098 1220 1130 1239 pe-

195 1245 273 1264 cuniam
289 1249 356 1263 mutuo
374 1245 503 1269 undecunque
520 1251 588 1270 capere
605 1246 722 1269 riderentur,
743 1252 776 1264 cur
790 1246 847 1264 rideri
865 1252 900 1264 nos
915 1245 1075 1270 debeamus,·qui
1091 1252 1129 1264 non

194 1276 260 1301 primo
275 1276 399 1301 Episcopatui
410 1278 417 1289 ὅ
431 1277 530 1301 praefecti,
544 1277 645 1302 aliquoties
660 1281 736 1296 centum
752 1277 836 1295 florenos
850 1277 874 1295 ab
889 1283 912 1295 eo
927 1276 1017 1301 capitulo
1027 1277 1034 1288 ⁵
1053 1277 1128 1301 quaeri-

195 1314 239 1326 mus
249 1308 262 1331 ὓ,
274 1308 299 1326 de
313 1313 353 1332 quo
367 1312 386 1326 et
401 1314 436 1326 nos
451 1308 486 1332 ipsi
501 1312 520 1326 et
533 1308 638 1326 avunculus
658 1312 723 1326 noster
733 1308 739 1320 ⁷
759 1308 832 1332 optime
847 1308 909 1326 meriti
924 1313 994 1326 sumus.
1015 1307 1080 1332 ltaque
1094 1314 1130 1332 ego

195 1345 236 1357 non
250 1338 329 1363 appello
343 1339 452 1362 ridiculum,
467 1339 520 1364 quod
534 1339 636 1364 pecuniam
656 1343 723 1357 mutuo
743 1339 840 1363 petierim,
857 1339 891 1357 sed
905 1339 981 1363 appello
1001 1339 1130 1357 inhumanita-

194 1374 233 1389 tem
254 1369 340 1394 Capituli
354 1374 372 1389 et
386 1370 444 1389 officii
465 1371 598 1395 negationem,
618 1371 670 1395 quod
691 1374 759 1389 mutuo
774 1376 814 1389 non
835 1370 928 1389 dederint.
952 1370 1010 1392 Quod
1031 1376 1090 1395 quum
1105 1370 1130 1388 ita

257 1446 274 1458 et
287 1442 363 1458 molestiis
377 1443 422 1458 variis
436 1443 511 1461 afficeret,
528 1443 603 1463 bonaque
617 1443 686 1463 ipsarum
701 1443 797 1462 immobilia,
814 1443 917 1461 hereditates,
931 1443 976 1458 villas
990 1446 1005 1458 ct
1016 1443 1129 1463 possessiones,

257 1473 301 1488 quus
314 1473 333 1483 cx
347 1469 439 1484 liberalitate
456 1472 471 1485 et
485 1469 569 1484 donatione
585 1469 655 1489 Regum,
673 1469 742 1487 Ducum,
760 1468 853 1484 Pontificum
868 1473 883 1484 et
898 1469 965 1484 aliorum
982 1469 1062 1484 Nobilium
1080 1468 1129 1488 Regni

258 1494 336 1509 Poloniae
345 1495 402 1510 habent
411 1499 427 1511 et
435 1495 520 1516 possident,
532 1495 570 1516 ipsis
579 1495 653 1513 adimere,
664 1495 725 1516 eripere
734 1498 749 1510 ct
758 1500 787 1515 pro
798 1495 863 1510 arbitrio
872 1499 901 1510 suo
910 1495 995 1515 possidere,
1007 1495 1059 1514 deque
1070 1494 1129 1509 eisdem

257 1520 344 1540 disponere
355 1525 421 1536 conetur
432 1525 479 1541 atquc
491 1521 576 1540 intendav‘,
587 1521 591 1536 i
603 1521 621 1536 ze
630 1526 644 1536 w
653 1521 728 1539 dodatku,
739 1521 821 1541 poniewai
833 1526 859 1536 mu
871 1521 894 1540 sie
905 1526 919 1535 w
930 1521 961 1536 tem
973 1520 1085 1541 sprzcciwiaty,
1094 1525 1129 1535 rzu-

257 1546 280 1561 cit
292 1546 311 1561 iia
323 1546 347 1561 nie
362 1546 431 1565 „fulmen
445 1548 563 1562 censurarum¹‘.
580 1548 620 1562 Acte
631 1550 660 1562 act.
675 1547 743 1567 Capituli
758 1547 799 1562 Eccl.
811 1547 852 1563 cxtth.
867 1547 918 1564 erae,
935 1546 1034 1567 posiedzenie
1049 1546 1073 1561 dit:
1087 1547 1130 1561 Jovis

260 1576 278 1587 ια
292 1572 373 1588 Februarii
384 1573 389 1588 i
400 1573 466 1588 Veneris
480 1573 496 1588 13
509 1573 591 1588 Februarii
605 1573 647 1588 1551.

256 1598 304 1614 Listu
315 1601 352 1618 tego
364 1599 415 1614 nieme
426 1604 441 1614 w
452 1599 486 1619 rkp.
550 1599 557 1610 ²
573 1599 622 1614 Ploclt
633 1604 647 1614 w
659 1599 720 1618 woiew.
732 1599 817 1619 plocltidm.

255 1625 323 1640 Petrum
334 1625 354 1640 de
365 1625 448 1644 Gamratis,
460 1625 601 1645 Archiepiscopurn
613 1626 721 1641 Gnesnensem
733 1629 748 1640 et
760 1625 856 1645 Episcopum
868 1625 993 1640 Crneovienscm.

256 1650 352 1666 Gnesnensi.
415 1651 422 1662 ὓ
436 1651 512 1666 Ploccnsi.

255 1676 303 1692 Lim·
314 1679 351 1696 tego
363 1676 414 1692 nieme
424 1681 439 1692 w
451 1677 490 1697 rkp.;
501 1677 647 1697 prewdopodobnie
661 1677 677 1692 ¹5
690 1677 744 1697 lutego
758 1677 801 1696 1551,
813 1677 833 1692 cf.
845 1676 880 1692 586.

254 1702 329 1719 Andreas
340 1702 406 1721 ericius,
417 1702 506 1723 Episcopus
518 1702 604 1718 Plocemis.

218 1600 229 1716 ⁴022..
