1465 2093
282 224 305 242 28
646 229 664 241 Α.
678 228 839 241 zannzvnowsm.

281 285 355 305 tempus
370 280 467 303 inciderat,
483 280 586 304 intelligere
601 280 673 304 optime
688 280 764 304 poterit.
778 280 875 304 Exceptus
889 286 938 302 sum,
952 284 973 298 ut
987 280 1072 298 breviter
1086 280 1153 302 dicam,
1168 280 1192 299 ho<

282 311 459 334 norificientissirne,
474 312 498 330 ita
513 315 533 329 ut
547 311 705 329 honorificentius
725 317 787 335 neque
802 310 903 335 quisquam
918 317 1005 329 meorum
1020 311 1129 335 aequalium
1142 311 1189 336 possi,

281 349 342 367 neque
361 349 397 367 ego
411 346 477 367 optare
494 342 563 365 ausim,
583 342 713 366 hactenusque
731 342 788 360 etiam
803 342 822 360 in
837 342 921 360 maximo
941 348 984 360 sum
999 342 1051 367 apud
1067 348 1100 361 eos
1113 347 1187 361 αιτιοι-σει

281 374 418 392 observatione.
433 374 487 396 Quae
502 380 537 398 ego
552 373 598 391 mihi
610 380 620 391 a
633 373 714 391 Summo
729 373 772 397 ipso
787 373 828 392 Deo
843 373 934 395 evenisse,
949 373 1063 397 rationeque
1078 373 1152 392 Mtaturn
1160 373 1186 392 VV.

280 405 366 429 impensa
378 405 440 426 fuisse,
455 409 473 423 et
484 405 540 423 credo
553 409 571 423 et
582 405 641 423 laetor
655 410 785 428 summopere.
800 404 899 423 Novorum
916 404 963 422 nihil
974 408 1002 423 est
1013 404 1072 427 aliud,
1089 410 1142 429 quarn
1151 406 1185 429 quod

280 436 298 454 in
313 436 393 460 gratiam
409 436 483 454 Ducum
498 435 623 457 Germaniae,
637 439 659 453 ut
672 435 755 458 videtur,
770 435 893 459 confingitur,
907 435 927 453 id
942 435 995 459 quod
1010 435 1080 454 referre
1100 435 1149 454 etiam
1159 435 1183 454 Cu-

280 467 381 485 bicularius
396 467 471 491 poterit.
494 467 522 485 De
536 467 624 485 trecentis
638 466 724 488 florenis,
743 472 805 491 neque
819 466 862 485 illos
876 466 900 484 ab
915 466 1059 484 Archidiacono
1069 467 1080 489 ¹,
1094 467 1125 484 sed
1137 473 1145 484 a
1155 467 1183 485 Duo

279 498 408 517 Thesaurario
423 498 491 522 recepi,
506 504 567 522 neque
581 503 665 522 unquam
681 497 760 521 Regiam
775 503 815 516 esse
830 497 938 522 pecuniam,
948 498 982 516 sed
996 497 1057 522 ipsius
1072 497 1109 516 Dni
1122 497 1181 516 Thesau-

280 529 322 548 rarii
338 529 420 552 credidi,
442 529 497 547 sicuti
512 529 530 547 id
546 529 599 547 Mtati
614 534 693 553 quoque
707 529 730 546 V.
745 528 896 553 significaveram
910 533 958 552 tum,
979 534 1041 553 quum
1056 535 1086 547 me
1100 529 1121 547 de
1134 535 1150 547 eo
1160 535 1181 547 m>-

279 561 331 579 mine
345 567 409 579 coram
424 561 537 584 appellaret,
556 560 588 578 ubi
603 566 639 584 ego
659 566 770 584 quanquam
794 566 913 584 receperam,
932 566 963 578 me
977 560 1091 583 missurum,
1109 560 1180 585 quampri-

279 598 332 610 mum
347 592 366 610 in
381 591 483 610 dioecesim
497 598 561 610 meam
574 591 659 609 venirem
668 591 680 613 ²,
696 595 765 613 tamen,
778 597 838 615 quum
852 591 944 610 hactenus
958 595 977 610 et
990 597 1013 610 ex
1027 591 1117 610 fructibus
1127 591 1180 615 Episco-

279 627 334 647 patus
349 623 396 641 nihil
415 622 528 647 acceperim‚
549 627 567 641 et
585 623 644 641 multa
659 626 756 647 praeterea
771 623 794 641 de
809 629 853 641 meo
868 622 1015 647 insumpserim,
1029 623 1104 641 mittere
1119 628 1149 641 aon
1159 628 1180 646 ptr

279 655 316 677 ταῖς
330 654 363 672 sed
377 654 460 677 mittam,
477 654 510 672 ubi
525 654 608 678 primum
624 654 759 672 Vladislaviam
774 654 855 672 rediero.
874 654 917 672 Hoc
932 654 1030 678 pauxilum
1045 660 1108 672 morae
1121 659 1140 672 ne
1150 653 1179 677 quid

280 685 298 704 S.
313 685 391 704 Mtatem
407 685 429 703 V.
444 685 536 707 offendat,
556 685 662 703 humillime
682 691 727 708 oro,
747 685 800 709 cujus
815 691 845 703 me
859 685 931 710 gratiae
946 691 1000 703 more
1015 685 1072 703 solito
1091 684 1179 703 commendo

279 716 429 741 diligentissime.
444 716 521 734 Datum.

305 788 336 808 63.
402 789 521 808 Andreae
536 789 729 811 Czarnkowski.
744 789 902 809 scholastico
917 789 1088 808 cracoviensi.

879 835 962 858 Gedani,
977 835 1004 853 28
1018 835 1132 859 Septembris
1143 835 1180 853 15⁴6.

341 872 391 894 Quia
406 872 479 890 Ftatem
494 872 516 890 V.
531 878 607 896 semper
623 872 695 895 amavi,
713 878 796 896 cumque
811 878 832 890 ea
847 871 965 890 familiariter
978 871 998 889 iu
1013 871 1110 896 prosperis
1128 875 1182 890 convet-

279 907 329 921 satus
343 909 392 925 sum,
407 903 457 921 volui
472 903 523 921 illam
537 904 658 922 adversarum
674 904 730 921 etiam
746 909 818 925 rerum,
835 909 884 927 quae
899 902 945 921 mihi
960 902 1080 925 acciderunt,
1098 901 1183 927 pattitipffl¹

280 935 346 953 faeere.
361 934 418 952 Novit
432 934 475 953 Ftas
489 934 518 956 V.,
533 934 547 952 si
563 935 662 959 quisquam
678 935 734 958 alius,
749 940 787 959 qua
801 934 837 952 sirn
852 934 965 958 indignitate
979 940 990 952 a
1004 933 1086 958 Colegio
1107 937 1155 958 atque
1165 938 1184 950 ειν

279 966 345 983 cietnte
360 965 501 983 Cannnicorum
517 969 621 984 vestrorum
636 966 719 988 affectus,
734 971 794 990 quum
809 971 861 984 meas
876 971 905 983 res
920 965 939 983 in
954 965 997 983 villa
1018 965 1141 983 Lososcovice
1157 963 1185 982 teti·

279 1003 324 1014 nere
337 997 437 1015 autoritate
451 1000 469 1014 et
482 1000 544 1014 aresto
559 996 582 1014 R.
596 996 633 1014 Dni
648 996 739 1021 Episcopi
759 996 854 1020 petierunt
871 1000 929 1020 atque
944 996 1075 1018 retinuerunt,
1093 996 1149 1021 iisque
1160 1001 1188 1013 mst-

278 1028 307 1046 dis
321 1028 341 1045 in
355 1034 386 1046 me
400 1031 443 1046 sunt
458 1027 495 1050 usi,
515 1027 585 1052 quibus
600 1027 618 1045 in
634 1028 677 1046 illos
691 1028 769 1046 solitum
785 1031 820 1050 est,
840 1028 873 1052 qui
888 1031 968 1052 propter
988 1027 1086 1046 miseriam
1100 1032 1119 1046 et
1131 1026 1189 1046 calami-

278 1063 335 1077 tatem
351 1064 445 1083 nusquam
465 1058 551 1083 gentium
569 1059 662 1083 quidquid
680 1059 758 1077 habent.
779 1059 830 1077 Haec
848 1059 892 1083 quia
910 1059 973 1083 gravia
991 1063 1035 1077 sunt
1052 1065 1159 1083 quanquam
1171 1063 1192 1077 nu

278 1090 363 1114 indigna,
377 1090 420 1108 Ftas
435 1089 457 1107 V.
471 1090 570 1108 aestimare
585 1094 648 1114 potest
662 1090 722 1108 facile.
737 1090 761 1108 Et
775 1090 867 1114 quoniam
883 1090 928 1115 ipsi,
943 1090 996 1114 quod
1010 1096 1090 1108 censum
1105 1096 1144 1108 non
1162 1095 1195 1108 exo-

278 1121 352 1142 luerim,
366 1121 457 1145 quodque
471 1127 513 1139 mea
528 1121 642 1145 negligentia
662 1125 710 1139 tecta
725 1125 782 1146 atque
796 1121 882 1140 aedificia
897 1121 990 1140 nonnulla
1004 1127 1073 1145 passus
1086 1121 1123 1139 sim
1143 1120 1198 1139 imbri-

279 1153 314 1171 bus
328 1156 346 1170 et
359 1152 395 1170 sim
414 1152 516 1176 corrumpi,
535 1158 555 1170 ea
568 1159 587 1170 se
601 1159 656 1171 causa
671 1153 689 1170 id
704 1152 771 1171 fecisse
785 1157 903 1171 asseverant:
918 1152 992 1171 Ftatem
1007 1152 1030 1170 V.
1046 1158 1101 1177 rogo,
1117 1158 1152 1176 pro
1166 1158 1200 1170 mu·
1219 1148 1220 1151 ¹

278 1188 310 1202 tua
333 1187 397 1201 nostra
412 1187 429 1201 et
443 1183 500 1201 veteri
521 1184 653 1202 benevolentia
675 1190 752 1202 censum
773 1184 821 1203 illius
836 1184 864 1202 bis
877 1188 950 1208 septem
970 1189 1044 1202 marcas
1065 1189 1110 1202 meo
1131 1184 1203 1202 nomine

278 1215 337 1233 solvat
351 1218 369 1233 et
383 1215 401 1232 in
417 1220 475 1238 page,
496 1214 510 1232 si
525 1214 571 1239 quid
586 1215 650 1233 damni
669 1215 692 1233 sit
707 1215 725 1233 in
743 1215 834 1233 aedificiis
854 1215 969 1239 negligentia
990 1219 1056 1233 nostra
1077 1215 1205 1237 commissum,

278 1245 361 1270 reparari
375 1246 444 1270 jubeat.
460 1245 562 1263 Pecuniam
576 1246 665 1268 Joannes,
679 1246 733 1264 villae
748 1246 865 1269 Praefectus,
883 1246 977 1268 restituet,
991 1246 1025 1264 ubi
1039 1245 1106 1270 fruges
1120 1246 1206 1265 vendide-

278 1277 310 1299 rit,
324 1283 403 1301 operzini
418 1283 463 1295 vero
476 1280 532 1301 atque
552 1277 669 1301 diligentiam
684 1283 720 1301 ego
736 1277 775 1301 ipse
790 1277 856 1296 labore
870 1283 915 1296 meo
930 1281 948 1295 et
961 1277 1016 1295 omni
1030 1277 1099 1296 officio
1120 1284 1207 1302 compen-

277 1309 330 1331 sabo,
345 1308 405 1326 sicubi
420 1314 449 1326 res
463 1308 592 1332 postulaverit.
607 1309 657 1326 Nolo
672 1308 730 1331 enirn,
744 1313 765 1326 ut
779 1313 844 1327 nostro
859 1308 928 1327 merito
939 1308 963 1328 de
978 1308 1034 1326 nobis
1049 1308 1149 1333 quispiam
1165 1309 1209 1327 male

277 1343 310 1357 aut
323 1343 418 1357 mereatur
431 1343 463 1357 aut
476 1339 550 1357 sentiat.
565 1339 615 1357 Bene
630 1340 696 1358 valeat.
715 1339 792 1358 Datum.

303 1412 334 1431 64.
435 1412 634 1431 Eartholomaeo
649 1412 838 1436 Gandkowski,
852 1413 1046 1431 Archidiacono

656 1444 825 1463 cracoviensi.

874 1490 957 1512 Gedam',
972 1490 999 1508 28
1015 1490 1140 1514 Septembris
1155 1492 1210 1510 1545.

339 1527 413 1545 Literae
427 1527 486 1545 Ftatis
500 1527 529 1549 V.,
549 1527 619 1551 quibus
633 1533 664 1545 me
679 1527 702 1545 de
717 1527 773 1545 rebus
787 1530 888 1550 tantopere
909 1526 1019 1545 necessariis
1040 1527 1148 1546 certiorem
1164 1527 1210 1549 tecit,

277 1559 404 1583 perjucundas:
419 1558 465 1576 mihi
480 1558 562 1576 fuerunt.
574 1559 617 1576 Non
633 1558 694 1576 solum
710 1558 761 1576 enim
776 1558 833 1581 mihi,
852 1563 890 1582 qua
905 1561 954 1576 esset
968 1557 1013 1576 Ftas
1026 1557 1051 1576 V.
1065 1558 1087 1576 in
1102 1564 1135 1577 me
1155 1559 1210 1577 bene-

276 1589 364 1611 volentia,
379 1589 449 1607 indicio
464 1589 549 1610 suerunt,
568 1590 601 1607 sed
616 1589 672 1607 etiam
688 1590 710 1607 ad
726 1596 755 1607 res
770 1593 844 1607 nostras
862 1589 1015 1613 componendas,
1035 1589 1066 1607 vel
1081 1590 1211 1614 expediendas

276 1620 340 1645 potius
355 1620 454 1639 consilium
469 1621 608 1645 praestiterunt.
624 1621 688 1645 ltaque
703 1620 735 1643 illi,
750 1625 771 1639 ut
785 1621 858 1643 debeo,
872 1626 951 1645 magnas
966 1626 1002 1644 ago
1016 1620 1097 1644 gratias.
1119 1620 1209 1640 Ceterum

276 1657 386 1676 quanquam
409 1652 454 1676 petii
476 1658 510 1676 per
527 1652 589 1670 literas
609 1652 632 1671 R.
649 1652 713 1670 Dnum
736 1651 876 1670 Scholasticum
886 1652 899 1675 ³,
919 1655 940 1670 ut
954 1651 969 1669 is
983 1651 1002 1669 in
1023 1651 1156 1676 transigendo
1177 1652 1210 1670 hoc

310 1725 315 1735 ¹
337 1724 459 1739 Bai-tholomaeo
470 1724 574 1744 qukowski}
669 1724 675 1735 ²
690 1724 722 1740 Sic!
818 1724 825 1735 ³
839 1724 917 1739 Andr-eam
929 1723 1048 1743 ezarnkowski,
1060 1723 1081 1739 cf.
1093 1724 1120 1740 63.
