1465 2093
526 203 666 217 mma-romum
680 203 742 222 mam,
755 203 812 217 uma.
1101 199 1136 222 355

227 285 274 305 677.
519 286 637 310 capitulo
652 286 823 306 Cracoviensi.

851 328 932 351 Kielcis,
948 329 969 347 ll
983 328 1067 353 Augusti
1083 329 1136 347 1551.

266 364 336 383 Scribit
356 364 505 389 Procapitaneus
525 368 589 383 noster
609 364 734 387 Severiensis‚
754 364 844 388 arbitros,
865 364 897 389 qui
914 364 939 383 ad
955 364 1093 389 ambigendum
1113 364 1136 383 de

200 396 274 414 finibus
289 396 348 414 nostri
363 399 381 414 et
396 396 479 414 Romani
494 396 551 420 Regis
563 399 608 414 sunt
622 396 723 420 designati,
738 396 761 414 de
776 396 861 414 Ducatus
882 396 938 414 etiam
954 396 1069 414 Severiensis
1089 396 1137 414 limi-

201 427 253 446 tibus
268 427 334 446 conari
349 427 413 445 nescio
433 427 480 451 quid
494 431 588 449 statuere,
608 433 645 451 qua
660 433 682 445 ex
697 433 716 445 re
730 427 745 445 si
761 433 818 446 nemo
833 433 855 445 ex
870 427 940 446 nostris
954 427 973 446 in
989 433 1028 446 rem
1048 434 1138 452 praesen-

200 463 240 477 tem
256 458 335 480 venerit,
350 464 441 483 magnum
457 458 563 482 periculum
577 458 673 477 Ecclesiae
688 458 734 476 fore.
750 458 883 481 Quamobrem
899 458 939 477 VV.
957 458 1020 477 Ftates
1040 458 1137 483 explorata

201 489 313 514 diligentius
328 495 348 507 re
362 489 403 513 ipsa
418 489 446 507 vel
461 495 483 507 ex
498 489 541 507 Dno
560 489 686 512 Slumowski,
707 495 767 508 unum
782 494 839 514 atque
857 490 946 513 alterum,
963 489 978 508 si
994 496 1043 514 opus
1058 494 1096 513 est,
1116 496 1137 516 ex

200 527 236 539 suo
252 520 462 545 &negiu-designent,
477 521 524 545 quin
539 521 585 539 dum
601 527 635 539 nos
650 521 772 544 advenimus,
786 521 859 539 malum
873 527 883 539 a
898 521 969 540 finibus
984 521 1078 540 Ecclesiae
1093 527 1137 546 pro-

201 552 287 570 hibeant.
302 552 381 570 Nullum
397 558 511 576 responsum
526 558 566 571 esse
580 552 617 570 sibi
631 552 698 571 datum
712 553 735 570 de
750 552 850 575 servitute,
865 558 923 576 quam
938 559 948 571 a
963 552 1033 571 nostris
1053 552 1136 571 homini-

201 583 238 601 bus
253 583 339 601 decumis
353 583 392 601 suis
406 583 480 607 imponi
498 587 605 607 queruntur
619 583 659 602 VV.
674 583 747 607 Ftates‚
768 583 854 607 intelligo
868 589 899 601 eas
914 583 962 602 ferre
979 583 1072 602 acerbius.
1095 583 1137 608 Ego

201 620 247 633 vero
262 620 302 632 non
317 614 408 638 respondi
422 620 456 638 per
469 614 540 637 literas,
554 615 583 632 vel
598 614 642 639 quia
656 620 721 633 coram
736 614 849 638 propediem
864 614 904 639 ipse
919 614 961 632 Deo
975 614 1053 639 auspice
1067 614 1137 637 adero,

200 646 230 664 vel
245 646 290 670 quia
305 645 373 668 nostri,
395 646 418 663 ad
434 651 483 670 quos
497 651 519 663 ea
534 645 557 664 de
571 651 590 664 re
605 646 671 670 scripsi
687 646 764 669 iratior,
785 645 887 670 quicquam
908 645 1003 670 ejusmodi
1021 652 1040 664 se
1055 649 1137 664 tentasse

201 682 289 701 unquam
304 681 415 701 pernegant,
430 676 482 701 quod
497 676 536 694 VV.
552 676 639 695 Ftatibus
656 677 758 695 adversum
773 682 814 695 esse
828 676 888 695 videri
903 676 968 701 possit.
990 676 1088 701 inquirere
1103 676 1136 695 ita-

201 714 238 732 que
253 708 294 726 VV.
309 707 396 726 Fratibus
416 707 549 732 praesentibus
563 707 582 725 in
597 707 641 726 istas
661 707 761 730 constitui,
781 712 801 726 ut
818 708 894 726 animus
915 714 969 727 meus
984 708 1002 726 in
1017 708 1057 727 VV.
1074 708 1137 727 Ftates
1154 727 1157 731 ,

200 739 289 764 egregius
304 743 322 757 et
336 743 426 757 constans
441 738 504 763 palam
519 744 559 757 esse
574 742 636 763 queat.
658 738 722 763 Cupio
741 739 802 762 enim,
822 739 854 763 qui
869 745 922 758 suam
937 739 956 757 in
972 745 1002 758 me
1021 740 1136 758 benevolen-

199 770 254 793 tiam,
268 770 360 793 studium,
375 769 469 793 officium,
485 769 624 788 humanitatem
638 774 743 792 exacuunt,
758 770 776 788 in
791 776 824 788 ens
839 776 904 789 meum
919 776 1005 789 amorem
1020 770 1080 789 facere
1094 770 1135 789 illu-

199 801 295 820 striorem.
319 801 368 819 Nam
383 801 436 825 quod
451 801 475 819 ad
490 807 525 819 nos
545 800 639 823 adfertur,
662 801 708 819 velle
722 801 763 819 VV.
783 801 848 820 Ftates
862 802 886 820 ad
901 807 962 826 usque
977 801 1020 820 Divi
1036 801 1136 820 Floriani·

199 833 278 851 obviam
293 833 350 851 nobis
364 832 451 857 prodire.
471 832 490 850 id
505 832 539 850 etsi
554 832 687 856 plenissimum
706 832 729 850 sit
744 832 868 851 humanitatis
886 839 930 857 erga
945 839 980 851 nos
995 837 1013 851 et
1027 832 1095 856 officii,
1109 836 1136 851 ta-

199 870 245 882 men
265 869 326 887 quum
347 863 403 882 nobis
422 864 460 888 jam
475 863 522 882 haec
536 863 570 881 ista
589 863 663 881 illarum
685 863 772 882 voluntas
793 864 852 882 nihilo
867 864 891 882 sit
905 864 968 883 minus
986 864 1061 888 reipsa
1079 868 1136 889 atque

199 894 266 913 officio
286 898 373 919 accepta,
396 895 419 913 de
433 898 475 913 toto
490 895 528 913 hoc
542 900 611 919 genere
626 894 651 912 ita
665 894 768 913 sentimus:
791 895 806 913 si
821 895 860 913 duo
875 895 910 913 ista
926 894 1011 919 Collegia
1033 895 1135 919 Magistro-

199 932 243 944 rum
253 925 261 938 Ἰ
275 929 294 944 et
308 925 460 949 canonicorum,
475 929 556 950 utraque
570 926 695 950 amplissima,
710 930 791 950 utraque
807 932 915 949 numerosa,
930 926 955 945 ita
969 932 1025 945 suum
1041 932 1085 951 erga
1100 932 1135 945 nos

199 957 286 976 officium
301 956 394 979 dividant,
409 961 429 975 ut
444 962 484 975 non
498 957 560 975 solum
575 957 672 981 personis,
686 957 719 975 sed
735 957 791 975 etiam
806 957 853 976 locis
868 957 913 982 ipsis
927 957 1023 976 diversum
1038 962 1135 982 appareat,

199 988 248 1011 tore,
263 992 285 1006 ut
298 987 436 1012 multiplicatus
451 988 515 1006 honor
529 992 547 1006 et
562 988 619 1006 nobis
633 988 657 1006 sit
670 988 753 1012 gratior,
771 992 789 1007 et
804 989 838 1007 toti
853 992 919 1007 nostro
933 988 996 1007 ordini
1012 988 1135 1012 fructuosior,

198 1019 312 1044 praesertim
334 1025 395 1044 quum
410 1023 428 1037 et
441 1019 460 1037 in
479 1025 533 1038 more
550 1019 575 1038 ita
592 1020 677 1044 positum
697 1026 737 1038 esse
757 1019 840 1042 dicatur,
860 1024 881 1038 ut
894 1019 980 1044 Magistri
999 1020 1023 1038 ad
1043 1019 1134 1042 Floriani,

199 1051 295 1070 Canonici
309 1051 334 1069 ad
348 1050 432 1075 Virginis
447 1050 518 1069 Mariae
528 1051 535 1063 ³
554 1055 573 1069 et
586 1051 650 1075 aptius
667 1057 708 1069 esse
728 1051 825 1074 videatur,
844 1051 859 1069 si
873 1051 948 1075 singula
963 1051 1049 1076 Collegia
1064 1051 1088 1069 ad
1102 1051 1134 1069 de-

198 1082 254 1101 lubra
268 1082 305 1100 sibi
320 1082 381 1106 magis
395 1082 474 1106 propria
491 1082 626 1100 advenientem
645 1082 745 1106 excipiant.
766 1082 818 1100 Haec
832 1082 855 1100 de
870 1082 892 1100 iis
906 1085 934 1101 est
948 1086 1013 1101 nostra
1033 1082 1133 1101 sententia.

199 1113 239 1132 VV.
255 1113 319 1132 Ftates
333 1113 407 1138 optime
422 1113 503 1131 valeant.
518 1113 543 1131 XI
557 1113 640 1137 Augusti
655 1112 726 1137 MDLl,
742 1112 804 1132 Clecis
818 1113 838 1132 in
853 1119 928 1132 recessu
943 1113 993 1138 ipso.

224 1180 269 1200 678.
419 1181 532 1203 Nicolao,
545 1181 748 1205 Archiepisoopo
763 1181 915 1201 Gnesnensi.

849 1228 930 1250 Kietcis,
945 1229 967 1247 ll
980 1229 1064 1253 Augusti
1080 1229 1133 1247 1551.

262 1265 321 1287 Quod
336 1270 373 1289 ego
387 1264 410 1282 V.
425 1264 447 1282 R.
463 1264 539 1283 Dtionis
556 1270 613 1283 causa
628 1264 725 1287 fecissem,
743 1264 793 1283 idem
809 1265 858 1283 istud
874 1265 896 1283 V.
912 1265 934 1283 R.
950 1265 995 1283 utin
1010 1271 1052 1283 mea
1072 1264 1133 1287 facere

199 1296 284 1320 potuisse
298 1295 396 1318 existimo,
410 1300 431 1314 ut
442 1296 457 1314 si
469 1296 515 1320 quid
531 1296 578 1314 ultra
593 1296 619 1318 id,
631 1296 685 1320 quod
700 1295 749 1318 misi,
763 1296 787 1314 ad
802 1301 846 1314 cum
862 1302 963 1315 numerum
978 1297 1060 1318 deesset.
1075 1302 1133 1321 quem

198 1327 274 1346 mittere
289 1327 347 1345 debui
357 1330 370 1349 ¹,
385 1327 407 1345 V.
422 1327 445 1345 R.
460 1327 506 1345 Dtio
521 1327 544 1345 de
558 1333 594 1345 suo
609 1327 704 1345 numerari
720 1327 803 1351 juberet,
818 1331 838 1345 ut
852 1333 929 1346 necesse
944 1333 982 1346 non
997 1327 1090 1351 habeam,
1105 1327 1133 1346 bis

197 1359 221 1377 de
236 1365 256 1377 re
271 1362 289 1377 et
303 1365 347 1377 cum
362 1364 381 1377 re
396 1359 463 1377 eadem
478 1358 624 1377 Cubicularium
638 1362 677 1376 tam
692 1358 767 1382 magnis
782 1358 881 1377 itineribus
895 1358 976 1377 mittere.
995 1358 1067 1377 Habuit
1081 1358 1133 1383 apud

196 1397 217 1409 se
232 1395 281 1415 puer
295 1390 338 1412 iste,
359 1390 411 1408 unde
425 1394 443 1408 et
458 1390 480 1408 V.
496 1389 518 1407 R.
534 1389 600 1408 Dtioni
615 1394 633 1408 et
647 1389 692 1407 Dno
707 1389 821 1414 Giogowski
839 1389 968 1413 satisfecisset,
988 1389 1003 1408 si
1018 1389 1083 1408 suisset
1099 1390 1132 1408 ad-

195 1421 294 1443 monitus,
308 1421 341 1439 sed
356 1427 416 1445 quum
431 1421 557 1443 existimaret,
571 1427 611 1439 esse
625 1427 659 1443 eo,
674 1421 726 1445 quod
741 1420 802 1443 dedit,
817 1421 945 1444 satisfactum,
960 1421 1065 1446 reliquum,
1079 1421 1132 1446 quod

193 1452 271 1476 habuit,
286 1453 310 1471 ad
324 1458 361 1471 nos
374 1453 445 1471 retulit.
465 1452 507 1477 Ego
521 1458 544 1471 ne
560 1452 606 1477 quid
620 1456 652 1470 aut
671 1458 735 1470 morer
748 1456 780 1470 aut
798 1452 914 1477 impediam,
929 1452 982 1471 illum
998 1452 1074 1471 remitto
1088 1458 1132 1471 cum

192 1485 264 1503 eadem
280 1484 367 1508 pecunia,
382 1489 494 1508 quanquam
509 1484 604 1506 existimo,
619 1483 683 1502 Dnum
698 1482 811 1508 Glognwski
827 1489 850 1502 eo
865 1483 918 1508 quod
933 1483 985 1506 mini,
1002 1487 1021 1502 ct
1034 1483 1086 1508 quud
1100 1483 1132 1502 alii

190 1516 224 1534 vel
239 1515 343 1537 dederunt,
358 1515 387 1533 vel
401 1515 464 1533 daturi
478 1519 533 1537 sunt,
548 1518 661 1533 contentum
675 1520 716 1533 esse
730 1515 825 1539 potuisse,
840 1515 951 1539 praesertim
966 1514 1019 1540 quod
1034 1514 1093 1539 ipsius
1107 1514 1132 1533 le-

187 1547 248 1573 gatio
263 1552 303 1564 non
317 1546 379 1570 ipsam
397 1551 461 1564 rerum
475 1550 533 1570 atque
550 1546 673 1570 negotiorum
691 1550 802 1564 nostrorum
820 1552 915 1564 summam
935 1545 1100 1570 comprehendere
1114 1550 1133 1564 et

186 1577 299 1602 complecti
319 1577 401 1596 videtur.
424 1577 490 1595 Restat
508 1577 544 1595 alia
564 1576 634 1601 legatio
655 1577 677 1595 R.
699 1576 737 1595 Dni
757 1576 874 1596 Varmiensis
885 1577 897 1600 ὖ,
918 1577 948 1596 cui
968 1577 1029 1596 multo
1048 1576 1132 1602 amplior

226 1641 232 1651 ¹
257 1640 325 1655 Kos'ciol
336 1640 364 1654 ἐπ’.
376 1640 460 1660 Floryiflna
472 1644 491 1655 na
503 1640 581 1660 Klepnrzu
592 1640 625 1659 pud
637 1639 737 1655 Krakmvem.

224 1667 232 1678 ²
258 1666 371 1681 Professum-n
382 1666 493 1681 [niversitztis
504 1666 617 1681 Crncmienuiu.
679 1666 686 1676 ²
701 1665 717 1680 ln
729 1665 788 1681 circ-alu
799 1665 905 1681 ‹ammian-i«
969 1665 975 1675 ¹
989 1664 1014 1680 (ΣΙ,
1024 1664 1060 1685 Ῑημ

223 1694 231 1704 ⁵
257 1692 331 1707 stanislai
343 1692 388 1707 Hmii
401 1692 420 1707 aa
431 1692 520 1707 ancilium
532 1691 649 1707 Truentinum.
