1465 2093
499 208 638 223 EPISTULARUM
652 209 713 227 mum,
727 210 792 223 nmm-
1076 210 1114 229 417

205 291 251 311 785.
488 292 672 316 Sopichowskj
686 293 811 312 Exactori.

759 339 867 364 Bodzgtini,
883 340 907 357 17
922 338 1040 363 Septembris
1054 340 1112 358 1552.

244 375 344 399 Supplices
355 382 366 393 a
378 375 434 393 nobis
446 375 587 394 contenderunt
598 375 648 394 cives
657 375 804 394 Bodzenenses'
817 375 883 398 nostri,
895 379 915 393 ut
927 375 975 393 sicut
986 375 1114 394 consensione

178 410 247 425 nostra
268 406 398 425 cincinorum*
413 406 486 425 exactio
501 410 529 425 est
542 406 561 425 in
578 407 631 431 ipsos
646 407 755 431 impetrata,
774 406 799 425 ita
814 406 873 431 gratia
888 412 965 431 quoque
980 410 997 425 et
1011 406 1114 425 autoritate

178 442 246 456 nostra
265 438 362 456 immunes
376 444 409 456 eos
424 441 540 462 praestemus
555 438 578 456 ab
596 438 676 456 insolitis
690 442 708 456 et
722 438 776 456 novis
793 437 934 460 exactionibus,
955 443 1014 462 quum
1029 442 1112 456 veterem

178 472 197 488 et
211 473 323 487 consuetam
344 469 476 493 persolverint.
496 469 630 487 Exhibuerunt
649 469 704 487 nobis
718 469 782 487 literas
795 469 831 487 sub
845 469 901 493 signo
921 469 979 492 patris
994 469 1069 487 Drionis
1085 469 1113 491 V.,

178 499 213 518 viri
229 500 275 518 boni
289 504 308 518 et
322 500 428 524 temperati,
443 500 493 518 unde
507 500 576 525 liquet,
596 500 619 518 ad
635 504 726 525 quantam
742 500 779 519 hoc
793 506 873 525 quoque
887 504 974 524 ternpore
994 500 1113 518 exactionem

178 535 197 550 et
211 531 305 550 tributum
326 535 433 550 teneantur.
453 532 493 550 Nos
513 531 548 550 etsi
567 531 660 550 Dtionem
674 531 696 550 V.
718 531 836 550 familiariter
857 535 922 550 notam
943 537 982 549 non
1003 531 1113 554 habeamus,

178 566 244 581 tamen
259 563 351 587 quoniam
366 563 471 581 multorum
487 562 589 581 hominum
606 563 728 581 sermonibus
746 562 879 587 intelligimus,
898 563 949 581 illam
964 562 1020 587 aequi
1035 566 1053 581 et
1067 562 1113 581 boni

178 599 220 612 esse
233 594 390 616 amantissimam.
410 594 434 612 ab
449 594 480 612 illa
495 593 586 618 petimus,
602 597 623 612 ut
641 594 677 612 hos
691 593 778 612 subditos
799 597 875 612 nostros
889 593 909 612 in
923 593 981 612 veteri
996 593 1037 618 jure
1056 597 1113 618 atque

178 630 234 643 more
254 625 344 648 retineat,
364 631 427 650 neque
441 625 465 643 ab
484 624 507 643 iis
527 625 642 643 ducillorurn
663 624 742 643 nomine
761 625 843 649 amplius
863 625 911 649 exigi
929 625 1035 649 permittat,
1055 631 1113 650 quam

178 656 278 674 :ommuni
293 656 356 674 edicto
371 660 398 674 est
413 656 536 680 imperatum.
551 655 634 674 Causam
647 662 702 674 suam
716 659 777 674 totam
796 656 860 674 dicent
873 656 909 680 ipsi
923 656 946 674 V.
961 656 1036 679 Dtioni,
1050 662 1060 674 a
1075 662 1113 681 qua

178 692 296 711 magnopere
317 687 448 711 postulamus,
468 691 489 706 ut
503 693 535 705 eos
550 687 632 711 benigne
650 687 725 709 audiat,
744 687 823 711 votique
837 687 866 705 sui
881 691 982 711 compotes
996 687 1020 705 ad
1035 693 1070 705 nos
1084 693 1113 705 re-

178 717 247 741 mittat,
261 717 281 736 id
295 718 348 742 quud
363 724 398 736 nos
413 718 438 736 illi
453 718 508 736 omni
522 722 588 736 nostra
603 718 736 737 benevolentia
748 722 767 736 et
778 717 843 737 officio
857 724 980 743 reponemus.
996 718 1051 741 Quae
1064 719 1112 737 bene

178 749 246 768 valeat.
261 749 332 768 Datum
347 749 398 767 XVII
414 749 538 774 Septembris.

202 821 249 841 786.
288 822 303 841 J
304 822 384 841 oanni
399 822 493 841 Comiti
504 822 532 841 in
543 822 663 844 Tarnow,
676 821 821 841 Castellano
833 821 1003 842 Cracoviensi.

725 869 730 871 “
761 868 868 893 Bodzetini,
883 869 908 887 18
921 869 1040 893 Septembris
1053 870 1110 889 1552.

241 905 335 924 Proximis
350 905 524 924 Petricoviensibus
538 904 626 924 Comitiis
637 905 645 917 ²
663 911 724 929 quum
739 905 864 929 Reipublicae
879 905 928 924 inter
942 911 961 924 se
975 905 1053 924 ordines
1072 905 1111 923 dis-

178 937 269 959 siderent,
281 940 300 955 et
311 936 333 955 V.
343 936 389 955 Mtia
402 936 427 954 111.
442 936 467 954 ita
482 942 502 955 se
516 936 580 961 gessit,
595 940 616 955 ut
630 936 695 954 medio
710 936 795 960 quodam
810 936 888 955 invento
900 940 919 955 et
930 936 1032 961 proposito
1047 936 1111 955 ordini

178 967 301 987 :onem-diam
321 971 453 990 conservaret,
473 971 491 986 et
505 974 541 992 ego
555 967 603 986 nihil
622 968 686 986 studui
706 967 777 992 magis,
797 973 854 992 quam
869 971 891 986 ut
904 967 980 986 animos
1000 972 1111 986 nostrorum

178 999 295 1018 iuflecterem
309 999 333 1017 ad
347 1005 425 1017 omnem
444 998 538 1017 rationem
553 999 703 1023 suscipiendam,
723 1004 771 1023 quae
787 999 846 1016 modo
864 998 944 1017 honesta
959 1003 977 1017 et
992 999 1111 1023 temporibus

178 1030 304 1049 accommoda
318 1030 421 1048 videretur.
442 1030 574 1052 Quamobrem
595 1030 720 1054 responderat
735 1035 764 1048 res
779 1030 819 1054 ipsa
834 1033 852 1048 et
866 1030 959 1048 voluntati
974 1030 996 1048 V.
1011 1030 1038 1048 111.
1053 1030 1111 1049 Mtiae

178 1065 195 1080 et
208 1062 274 1080 studio
289 1067 368 1086 quoque
380 1067 430 1084 meo,
446 1067 490 1079 nam
505 1065 523 1079 et
536 1061 596 1079 nostri
610 1060 699 1079 homines
716 1061 739 1079 de
750 1067 827 1079 summo
842 1061 882 1085 jure
896 1067 931 1079 suo
946 1061 971 1079 ita
983 1061 1109 1084 decesserant,

178 1092 226 1112 sicut
240 1092 369 1115 decesserunt,
389 1096 407 1110 et
425 1092 499 1110 ordinis
514 1092 606 1116 equestris
624 1092 692 1110 Nuncii
708 1092 787 1116 polliciti
807 1092 894 1115 fuerunt,
914 1098 934 1110 se
954 1098 988 1111 nos
1008 1097 1111 1117 nostraque

178 1124 243 1143 omnia
264 1123 320 1142 chara
334 1129 375 1142 esse
389 1124 441 1148 apud
455 1129 475 1142 se
492 1123 597 1141 habituros.
619 1123 676 1141 Nunc
694 1123 737 1141 veni
757 1123 893 1148 Bodzecinum.
917 1123 973 1142 Unde
993 1124 1078 1142 venerim
1093 1127 1111 1142 et

178 1155 248 1180 quibus
262 1155 343 1174 saciatus
357 1158 389 1173 aut
403 1154 534 1179 voluptatibus
548 1158 581 1172 aut
595 1154 699 1177 molestiis,
714 1158 780 1173 auctus
800 1154 882 1173 fortunis
896 1158 928 1173 aut
942 1154 1050 1177 exhaustus,
1064 1155 1112 1173 nihil

178 1186 245 1205 minet
258 1186 310 1210 apud
324 1191 367 1204 eum
387 1186 459 1208 dicere,
479 1185 511 1210 qui
526 1185 614 1204 omnium
629 1191 693 1204 rerum
708 1185 803 1210 particeps
817 1186 857 1210 ipse
872 1185 912 1204 fuit.
934 1185 1028 1204 Postridie
1047 1190 1110 1204 autem

178 1221 198 1236 ut
212 1217 293 1240 adveni,
313 1216 367 1235 irruit
381 1217 401 1235 in
416 1216 497 1235 fundum
513 1220 531 1234 et
545 1216 686 1240 possessionem
705 1222 768 1235 meam
783 1217 800 1235 vi
815 1221 899 1235 armatus
919 1216 1074 1240 Wodzislawski,
1090 1217 1111 1239 is,

178 1248 211 1274 qui
226 1252 254 1267 est
269 1248 318 1267 inter
332 1248 354 1267 R.
370 1248 434 1266 Mtatis
454 1248 535 1271 aulicos,
558 1251 576 1266 et
593 1252 680 1272 repertos
694 1248 712 1266 in
727 1248 779 1272 sylva
797 1248 883 1266 subditos
902 1252 988 1271 nostros,
1007 1248 1111 1267 alvearium

178 1283 289 1298 nostrorum
303 1279 423 1304 sylvestrium
437 1283 542 1302 curatores,
556 1279 614 1297 caede
627 1282 645 1297 et
657 1279 767 1297 verberibus
781 1279 845 1303 coegit
858 1279 898 1304 ipsa
913 1279 949 1297 sibi
963 1279 1043 1298 alvearia
1058 1285 1110 1298 com-

178 1311 287 1334 monstrari,
301 1316 350 1335 quae
365 1316 424 1335 quum
446 1314 508 1329 essent
522 1314 681 1333 conirnonstrata,
701 1310 719 1328 vi
733 1310 807 1329 sublata
821 1311 908 1329 universa
929 1310 1012 1329 fuerunt.
1036 1310 1062 1329 lta
1077 1317 1111 1335 per

178 1348 222 1361 eum
237 1348 277 1361 uno
292 1342 322 1360 die
342 1341 472 1366 possessiones
492 1341 581 1364 violatae,
602 1341 669 1360 caedes
689 1341 790 1360 hominum
811 1342 924 1360 commissae
939 1345 957 1360 et
971 1342 1027 1360 mella
1047 1345 1111 1360 nostra

178 1377 243 1397 erepta
257 1376 307 1392 sunt.
322 1373 418 1397 Equidem
434 1372 461 1391 111.
476 1376 494 1391 et
508 1372 534 1390 M.
550 1372 591 1390 Dne
605 1378 656 1390 eram
671 1376 717 1391 tunc
732 1372 753 1395 is,
768 1372 801 1397 qui
816 1378 867 1391 nunc
882 1379 924 1391 sum
939 1373 1005 1395 etiam,
1022 1373 1055 1397 qui
1069 1379 1110 1391 cae-

179 1404 223 1423 dem
236 1410 327 1423 meorum
341 1408 359 1423 et
373 1407 446 1422 tantam
460 1403 547 1428 rapinam
562 1403 671 1426 miseratus,
691 1403 730 1421 vim
744 1403 762 1421 vi
776 1403 867 1427 repellere
882 1403 944 1428 potui.
964 1403 1003 1422 Sed
1017 1408 1111 1422 venerunt

178 1435 198 1454 in
211 1439 297 1454 mentem
312 1435 370 1454 multa
386 1435 442 1458 mihi,
463 1441 511 1460 quae
526 1441 557 1453 me
571 1434 662 1453 honestas
676 1438 694 1452 et
707 1434 801 1459 legitimas
821 1435 904 1453 rationes
921 1435 989 1453 subitis
1003 1439 1022 1453 et
1035 1434 1110 1453 inflam-

179 1467 233 1486 matis
247 1466 341 1485 anteferre
361 1467 474 1491 coegerunt:
495 1466 547 1484 venit
561 1466 686 1490 Respublica,
700 1469 793 1484 venerunt
807 1465 868 1490 leges,
888 1465 940 1484 venit
953 1472 994 1484 mea
1008 1465 1068 1490 ipsius
1082 1466 1111 1484 di-

179 1497 240 1523 gnita:
254 1501 274 1517 et
287 1497 384 1521 officium,
398 1497 450 1516 venit
464 1497 510 1516 haec
524 1497 621 1520 vicinitas,
636 1503 685 1521 quae
700 1503 751 1515 nunc
765 1500 794 1515 est
808 1502 852 1515 cum
867 1497 893 1515 lll.
908 1497 955 1516 Mtia
969 1497 998 1520 V.,
1013 1503 1057 1515 cum
1072 1502 1110 1521 qua

179 1529 322 1548 communicare
341 1529 405 1553 potius
420 1528 507 1547 dolorem
528 1534 602 1551 meum,
623 1534 681 1553 quam
700 1528 777 1552 privatis
797 1528 953 1546 contentionibus
967 1527 1031 1546 ulcisci
1046 1527 1111 1546 malui.

179 1559 236 1579 Videt
249 1566 281 1579 me
295 1560 318 1578 V.
333 1560 360 1578 lll.
375 1560 421 1578 Mtia
435 1566 475 1578 non
490 1560 550 1578 modo
565 1566 605 1578 non
619 1560 709 1584 cuiquam
727 1559 816 1584 injuriam
831 1559 926 1582 intulisse,
943 1559 976 1578 sed
990 1559 1047 1577 etiarn
1062 1565 1111 1584 quae

178 1590 204 1610 ὶιι
214 1591 299 1616 superbe
310 1594 329 1610 et
340 1591 442 1609 crudeliter
456 1591 507 1609 illata
519 1594 552 1614 est,
567 1597 609 1609 eam
622 1597 660 1610 non
673 1590 754 1614 referre,
768 1591 819 1609 videt
831 1597 861 1609 me
874 1590 985 1615 injuriarum
1000 1596 1040 1609 non
1052 1591 1111 1609 modo

178 1626 266 1642 autorem
280 1628 320 1641 non
335 1628 382 1646 esse,
396 1622 429 1641 sed
444 1628 468 1641 ne
483 1623 566 1641 ultorem
581 1622 669 1647 quidem,
683 1626 704 1641 ut
717 1622 756 1647 jam
770 1622 853 1646 amplius
868 1621 925 1640 fidem
940 1621 962 1640 iis
977 1628 1016 1641 non
1036 1622 1111 1646 habeat,

214 1697 219 1708 ²
241 1695 275 1712 Siel
345 1696 351 1707 ²
365 1696 383 1711 A.
397 1695 440 1714 1551,
451 1695 471 1711 cf.
483 1695 512 1715 743
524 1699 540 1711 et
550 1700 586 1716 sqq.

241 1733 276 1745 neu
283 1732 348 1745 rotoni„
356 1732 424 1749 mnu,
433 1734 477 1745 wma-
485 1732 496 1745 1.
990 1722 1013 1747 53
