1465 2093
485 217 625 232 mmmmm«
639 217 701 236 mm,
714 216 822 231 uranum.
1085 217 1119 236 551

188 270 256 295 templi
271 269 328 289 etiam
343 270 407 292 totius.
427 276 471 289 cum
486 270 510 288 ad
525 276 603 289 omnem
624 270 708 294 pluviam
723 276 745 288 ac
760 270 822 288 nivem
838 269 856 288 in
871 270 926 294 aquis
943 269 1029 288 innatent
1043 276 1064 289 ac
1079 276 1122 294 per-

188 301 258 324 fluant,
279 302 345 320 disolvi
359 308 380 320 ac
396 307 450 319 ruere
464 301 504 319 illas
519 307 602 320 unacum
621 301 680 323 tectis,
696 301 714 319 in
730 307 778 325 quae
793 300 877 325 primum
892 304 1027 324 restaurentur,
1042 307 1118 319 necesse

189 336 222 351 est.
239 333 298 355 Quod
313 339 349 351 nos
364 332 501 357 prospicientes
515 332 612 351 oravimus
626 338 708 356 semper,
723 332 872 356 supplicavimus
885 338 962 357 semper
976 332 999 350 R.
1015 332 1080 351 Dtioni
1093 332 1122 357 V.,

190 368 212 382 ut
225 364 249 382 ad
264 364 359 382 Ecclesiae
373 369 419 382 suae
434 363 523 382 fabricam
538 370 579 382 sese
593 363 631 388 jam
646 363 723 381 tandem
738 367 845 386 convertat,
867 367 887 382 ut
901 363 921 381 in
936 369 977 382 eam
992 363 1122 382 misericordia

190 399 298 418 moveatur,
313 401 334 414 ex
349 401 387 419 qua
401 395 507 417 nominem,
522 394 641 419 dignitatem,
655 394 756 417 honorem,
771 395 835 413 locum
851 394 974 417 eminentem,
990 400 1033 413 cum
1049 395 1120 414 Princi-

189 426 246 451 pibus
263 426 324 451 Regni
336 426 430 451 equalem,
445 426 559 450 divitiasque
574 430 592 444 ct
606 432 653 450 opes
667 426 739 450 accepit
753 430 771 444 et
786 426 859 444 retinet.
875 426 972 444 Promittit
983 426 1061 450 quidem
1073 432 1123 445 sem-

188 464 221 482 per
237 458 260 476 R.
275 458 321 476 Dtio
336 457 366 480 V.,
380 461 399 475 at
413 457 442 475 his
457 457 556 482 promissis
570 457 654 475 Ecclesia
668 463 707 475 non
723 457 799 481 tegitur,
814 463 853 475 non
866 461 951 479 ornatur,
965 457 999 475 sed
1011 457 1035 476 ad
1047 458 1123 476 ruinam

188 489 250 507 tendit
264 489 283 507 in
299 489 339 507 dies
354 489 452 513 majorem.
474 489 514 506 Nos
528 495 563 513 pro
578 492 643 507 nostra
658 492 710 512 parte
725 488 786 512 parati
800 494 866 507 sumus
880 488 968 507 conferre
982 488 1010 511 id,
1031 489 1083 513 quod
1098 489 1122 507 ad

187 526 223 538 nos
238 520 329 544 pertinet,
344 520 471 544 quamobrem
486 525 577 544 rogamus
592 523 610 538 et
624 520 753 542 obsecramus,
767 524 788 538 ut
803 519 825 538 R.
840 519 885 538 Dtio
897 519 919 537 V.
931 520 969 544 jam
984 520 1061 538 tandem
1077 526 1122 545 pro-

187 551 246 570 missa
267 551 298 570 illa
312 557 346 569 sua
361 551 380 569 in
395 551 483 569 effectum
503 555 563 575 ponat
577 554 595 569 et
609 557 644 575 pro
659 550 730 569 fabrica
749 551 789 575 ipsa
804 557 814 568 a
829 554 856 569 tot
871 551 925 569 annis
945 555 1017 569 retenta
1038 551 1123 570 florenos

185 583 241 601 mille
257 583 373 607 quingentos
388 583 459 601 tribuat
473 586 490 600 et
504 588 515 600 a
530 582 633 600 factoribus
648 582 677 601 hic
692 582 731 600 suis
745 582 786 600 sine
801 582 922 600 cunctatione
936 582 977 600 dari
991 582 1065 607 jubeat,
1083 589 1123 607 quo

186 614 245 632 omni
260 614 338 632 materia
352 614 376 632 ad
390 617 504 632 structuram
520 613 631 636 necessaria,
646 613 755 638 plumbum,
770 617 853 636 stanurn,
867 613 946 636 ferrum,
961 614 1030 637 trabes,
1044 620 1123 637 asseres,

185 644 252 668 funes,
267 645 349 669 tempori
364 645 434 668 coetui,
450 649 468 663 et
482 651 532 669 opus
546 645 609 669 ipsum
624 651 670 663 mox
684 644 747 669 primo
763 650 805 663 vere
820 644 906 663 inchoari
921 644 988 669 possit.
1008 644 1123 669 Scripsimus

185 676 286 700 prioribus
305 676 364 695 literis
384 676 455 695 nostris
469 676 493 694 atl
508 676 530 694 R.
546 676 637 694 Dtionem
653 676 682 699 V.,
702 679 802 694 mortuum
823 682 863 694 esse
878 676 981 694 Doctorem
997 676 1122 695 Benedictum

185 707 316 731 Cosminum,
335 708 498 726 Concionatorcm
519 708 614 726 Ecclesiae
634 711 715 730 nostrae,
736 707 771 725 hoc
792 707 855 731 ipsum
875 707 926 725 hisce
942 707 1001 726 literis
1015 707 1123 731 scribimus,

185 743 279 764 rogantes
294 739 352 761 illam,
366 743 387 757 ut
401 739 424 757 de
438 739 476 757 alio
491 739 622 757 Praedicatore
634 739 653 757 in
665 739 729 757 locum
744 738 828 757 defuncti
843 738 958 757 sufficiendo
969 739 1063 757 rationem
1076 739 1123 757 inire

186 770 286 795 dignetur,
301 776 361 795 quum
376 770 395 788 id
409 770 433 789 ad
448 769 533 788 officium
549 770 598 788 illius
614 770 691 794 proprie
703 769 803 794 pertineat.
818 769 973 788 Praedicatorum
985 776 1030 788 vero
1043 770 1123 789 idoneo-

186 808 232 820 rum
254 808 322 826 magna
342 801 407 820 raritas
422 801 452 820 hic
467 806 502 823 est,
522 801 554 819 alii
572 807 593 819 ex
609 801 696 825 Collegio
716 801 824 819 Doctorum
844 801 887 820 licet
905 802 956 820 docti
976 802 1022 824 sint,
1042 802 1123 821 animosi

186 837 255 851 tamen
275 839 314 851 non
333 837 378 851 sunt
401 838 463 857 neque
483 833 601 857 eloquentes,
621 832 651 851 alii
671 832 756 851 laborem
771 832 822 851 hunc
836 832 946 857 defugiunt,
966 833 996 851 alii
1011 837 1050 851 tam
1064 839 1124 857 parvo

186 864 260 882 solatio
275 864 360 882 contenti
375 870 414 882 esse
429 864 497 882 nolunt
524 863 574 882 Sunt
587 868 652 882 tamen
667 863 697 882 hic
712 864 750 882 dun
765 870 787 882 cx
803 863 913 888 Collegiatis
928 864 1020 889 Magistri,
1040 865 1086 883 alter
1100 865 1124 883 de

188 895 307 917 Vrzendow,
327 895 418 920 singulari
433 895 527 913 sermonis
542 895 602 919 gratia
617 895 721 919 praeditus,
741 895 788 914 alter
802 895 825 913 de
840 895 911 914 Tarcin
931 895 999 920 plenus
1019 895 1124 920 Scriptura,

187 930 293 951 promptus
307 931 325 945 et
339 927 445 951 expeditus.
471 926 508 944 Sed
529 930 593 944 tamen
614 926 664 945 hunc
680 926 701 944 11.
717 926 771 945 Dnus
788 926 949 951 Archiepiscopus
970 931 1035 945 noster
1048 927 1052 939 ¹
1067 927 1091 945 ad
1104 934 1124 946 se

186 957 289 976 traducere
300 962 386 979 conatur,
398 958 474 982 jamque
489 958 505 976 ei
521 964 560 976 sese
572 958 667 976 addixisse
682 958 745 976 fertur.
761 958 794 976 Est
808 962 826 976 et
841 958 900 976 Lucas
910 958 923 980 ²,
938 958 1006 976 Clarus
1021 958 1052 977 ille
1067 958 1123 977 Prae-

188 988 265 1007 dicator
284 989 422 1008 Dominieanus
437 995 447 1007 a
462 989 481 1007 S.
496 989 597 1012 Trinitate,
617 989 650 1007 scd
670 993 688 1007 et
707 989 757 1007 hunc
777 989 912 1007 Nobilissimus
932 995 953 1007 ac
970 989 992 1007 R.
1008 989 1042 1008 iste
1056 989 1123 1008 Archi-

187 1020 267 1044 praesul
281 1026 339 1044 penes
353 1027 372 1038 se
387 1020 457 1038 habere
472 1021 519 1038 velle
534 1020 608 1043 dicitur,
623 1020 655 1044 qui
670 1020 835 1038 instructissimam
850 1026 871 1038 ac
886 1020 1040 1044 copiosissimam
1055 1021 1123 1039 biblio-

187 1051 266 1069 thecam
287 1051 365 1075 habens,
384 1052 419 1070 hos
434 1051 484 1070 virus
499 1052 567 1069 doctos
581 1051 638 1069 adse
653 1051 753 1074 contrahit,
773 1057 817 1070 cum
837 1051 907 1076 quibus
926 1058 964 1070 una
985 1052 1046 1070 Sacris
1065 1052 1124 1071 literis

188 1082 286 1101 incumbit
300 1086 318 1101 et
333 1089 355 1101 ex
369 1083 395 1101 eis
409 1083 471 1101 studet
486 1083 504 1101 in
520 1082 559 1101 dies
574 1086 592 1101 et
606 1082 681 1101 doctior
695 1087 713 1101 et
727 1083 795 1101 melior
809 1082 856 1106 fieri,
871 1083 890 1101 id
904 1083 957 1107 quod
972 1089 1007 1108 per
1018 1083 1054 1102 hoc
1066 1090 1124 1102 omne

188 1117 273 1138 tempus,
291 1114 353 1132 donec
368 1114 386 1132 in
401 1114 517 1138 legationem
532 1114 556 1132 ad
571 1113 673 1132 Caesarem
684 1114 691 1126 ³
705 1114 769 1137 exiret,
785 1114 856 1132 chicii
871 1114 920 1133 fecit.
943 1114 967 1133 Et
981 1115 1073 1139 quoniam
1088 1115 1124 1133 sul>

188 1145 278 1163 absentia
292 1149 310 1163 et
325 1149 369 1169 post
383 1149 465 1163 mortem
481 1145 570 1163 Ductoris
584 1145 682 1163 Benedicti
703 1145 849 1164 circumforanei
863 1150 882 1164 et
896 1146 1008 1164 conductitii
1025 1146 1124 1164 Praedica-

189 1180 242 1195 tores
263 1176 293 1195 hic
313 1177 429 1200 praedicant,
449 1177 498 1194 adeo
512 1176 568 1200 pauci
585 1176 650 1195 audire
670 1183 704 1195 eos
723 1177 833 1201 dignantur,
853 1181 873 1195 ut
888 1177 955 1201 ingens
969 1177 993 1195 sit
1007 1177 1026 1195 in
1040 1177 1124 1196 Ecclesia

189 1211 257 1226 nostra
272 1208 363 1226 solitudo.
379 1208 463 1232 Oportet
477 1208 560 1232 aliquem
575 1214 597 1226 ex
612 1207 641 1226 his
655 1214 738 1231 sumere,
753 1208 785 1232 qui
800 1212 819 1226 et
832 1208 879 1232 grati
893 1208 932 1226 sint
945 1208 1020 1233 populo
1035 1212 1053 1226 et
1066 1208 1124 1232 docti,

189 1245 212 1257 ac
226 1239 246 1257 in
261 1239 299 1257 vita
313 1245 346 1257 sua
367 1239 449 1264 probati.
472 1239 538 1264 ltaque
553 1239 575 1258 R.
590 1239 635 1257 Dtio
651 1239 680 1261 V.,
700 1239 776 1258 cuinam
794 1239 830 1258 hoc
845 1245 915 1258 munus
935 1239 1057 1264 praedicandi
1072 1240 1124 1259 verbi

190 1270 227 1289 Dei
248 1271 372 1289 commissum
392 1271 414 1289 iri
434 1271 486 1293 velit,
510 1277 545 1289 nos
565 1271 588 1289 de
608 1270 704 1289 voluntate
723 1277 757 1289 sua
776 1270 832 1289 faciat
854 1271 950 1289 certiores.
976 1271 1066 1289 Ceterum
1084 1277 1124 1290 me-

190 1302 270 1320 minisse
284 1306 362 1326 oportet
377 1302 467 1320 Dtionem
483 1302 505 1320 V.
520 1302 550 1325 R.,
571 1305 658 1326 tempora
677 1308 728 1320 nunc
743 1308 782 1320 esse
796 1302 903 1326 periculosa
918 1306 936 1320 et
949 1302 1044 1321 seculares
1061 1302 1124 1321 immi-

191 1339 237 1352 nere
249 1334 305 1351 bonis
317 1333 418 1355 Ecclesiae,
433 1333 503 1357 quibus
515 1339 556 1351 eam
569 1333 651 1357 spoliare
663 1333 755 1355 nituntur,
770 1334 852 1357 proinde
864 1339 924 1358 quum
937 1340 1032 1358 nusquam
1046 1334 1070 1352 sit
1084 1337 1124 1352 tuta

190 1364 245 1387 fides,
260 1370 344 1388 oramus,
359 1368 380 1383 ut
395 1364 416 1383 V.
432 1365 454 1383 R.
470 1364 515 1383 Dtio
530 1371 598 1383 omnes
612 1364 730 1389 Capitaneos
743 1364 831 1383 omnium
846 1365 918 1383 arcium
931 1369 950 1383 et
961 1365 1123 1389 praefecturarum

188 1402 268 1415 suarum
278 1396 415 1420 episcopalium
425 1396 555 1421 juramentum
565 1395 625 1414 facere
637 1396 656 1414 in
669 1396 757 1414 manibus
767 1396 850 1420 Capituli
859 1396 925 1421 jubeat
937 1397 960 1415 de
972 1396 1038 1415 castris
1050 1396 1096 1421 ipsis
1104 1396 1124 1415 in

189 1431 261 1446 eventu
281 1427 349 1446 mortis
362 1433 408 1446 suae
422 1431 453 1446 aut
468 1433 556 1446 ascensus
576 1427 648 1445 altioris
666 1433 706 1445 non
721 1427 756 1446 nisi
771 1427 791 1445 in
805 1433 874 1446 manus
893 1427 977 1452 Capituli
998 1427 1124 1446 restituendis.

189 1458 276 1477 Calicem
288 1458 344 1476 etiam
355 1464 442 1481 aureum,
455 1465 524 1477 munus
533 1459 628 1477 Ecclesiae
640 1464 721 1482 sponsae
733 1465 778 1477 suae
788 1459 873 1477 debitum
885 1465 906 1477 ac
918 1459 1009 1483 juratum,
1019 1459 1041 1477 tt.
1049 1459 1094 1477 Dtio
1101 1459 1123 1477 V.

188 1490 255 1509 adhuc
270 1495 309 1508 non
324 1489 385 1513 dedit,
399 1490 432 1508 sed
447 1496 509 1514 neque
529 1494 605 1508 centum
620 1496 688 1508 aureos
703 1490 774 1515 Regiae
788 1490 852 1513 Mtati,
871 1494 958 1515 tempore
973 1490 1107 1515 postulationis
1119 1491 1125 1503 ²

186 1521 269 1540 Dtionis
283 1521 306 1539 V.
318 1521 341 1539 R.
356 1521 443 1545 donatos,
458 1521 514 1540 nobis
526 1521 617 1540 hactenus
630 1521 706 1540 exoluit.
720 1521 750 1540 Ad
763 1527 812 1546 quae
824 1522 901 1546 quidem
914 1522 979 1540 omnia
990 1522 1124 1546 suprascripta,

185 1558 252 1578 quum
267 1558 290 1570 ex
304 1552 376 1576 officio,
395 1559 418 1571 ex
432 1553 503 1576 debito,
523 1558 545 1571 ex
559 1553 682 1577 jurejurando
699 1559 735 1571 suo
749 1557 841 1576 teneatur,
861 1559 951 1577 rogamus
970 1557 1027 1577 atque
1047 1559 1125 1572 oramus

184 1585 211 1603 R.
228 1584 329 1607 Dtionem‚
344 1588 364 1602 ut
379 1584 443 1608 fidem,
458 1588 478 1602 ut
492 1584 629 1603 conscientiam
643 1590 697 1603 suam
712 1584 764 1609 apud
778 1584 841 1603 Deum
856 1584 875 1603 in
890 1584 927 1603 hoc
941 1584 1030 1608 eliberet,
1044 1590 1125 1603 nomen-

183 1621 228 1641 que
244 1619 264 1634 et
277 1615 391 1639 opinionem
411 1615 434 1633 de
454 1621 474 1634 se
493 1615 588 1634 sinistram
608 1615 659 1640 apud
678 1616 751 1640 probos
770 1616 914 1641 catholicosque
933 1615 985 1634 viros
1004 1620 1060 1634 exuat
1073 1615 1125 1635 etin

222 1684 229 1695 ¹
251 1683 320 1699 loannes
331 1683 428 1703 Przerebski,
441 1683 542 1699 Gnesnensis.
606 1683 613 1694 ²
628 1683 712 1705 Leopolita
723 1689 751 1700 eeu
764 1683 860 1700 Zawieszlto.

221 1710 230 1722 ὃ
253 1709 371 1726 Ferdinandurn
383 1709 393 1728 l,
405 1714 418 1725 ι.
432 1709 477 1725 1560.
540 1710 547 1721 ⁸
561 1709 585 1725 Cf.
596 1709 632 1731 839.
