1465 2093
579 194 718 211 annonarum
731 196 792 213 max,
806 195 863 210 unm.
1152 197 1161 215 3
1167 197 1172 210 ι
1178 197 1189 216 9

264 249 290 268 'nes
302 249 336 267 has
349 249 394 267 istas
408 248 499 267 fenestras
514 249 623 272 intuentur,
638 252 800 271 commemorant,
814 254 873 273 seque
888 254 920 267 eos
935 251 1041 273 praestentv
1056 253 1104 273 quos
1119 248 1188 267 merito

264 280 330 299 iebent.
353 280 398 302 Qua
414 280 438 298 de
453 286 472 298 re
486 280 575 299 commisi
594 280 649 304 plura
665 280 712 298 ϋηο
730 279 846 298 Slomowski
866 285 910 298 meo
930 279 1008 298 nomine
1026 279 1050 298 nd
1064 279 1105 298 VV.
1125 279 1189 298 Ftates

264 311 329 336 efferre,
344 317 395 336 quae
409 311 458 330 bene
472 312 553 330 valeant.
571 311 595 329 lll
610 311 688 336 Aprilis.

286 384 324 404 617.
458 385 564 404 Alberto
578 385 693 407 Psarski,
707 385 818 404 Officiali
833 384 985 403 Gnesnensi.

859 431 1002 454 Vladislaviae,
1018 432 1031 449 4
1044 431 1120 456 Aprilis
1133 432 1188 450 1551.

318 467 408 492 Reposita
423 467 453 486 hic
468 473 508 486 esse
522 467 546 486 ad
561 469 608 486 Acte
623 467 742 486 Venerabilis
762 467 855 486 Officialis
874 468 934 486 nostri
954 467 1023 486 dicitur
1040 467 1131 492 pecunia,
1151 473 1189 492 qua

267 498 379 517 Honorabilis
394 498 553 517 Smilovicensis¹
570 498 664 517 Plebanus
679 499 751 523 judicio
766 499 788 517 V.
804 499 863 517 Ftatis
877 499 969 517 multatus
982 498 1027 521 fuit,
1042 498 1124 517 instante
1139 504 1188 523 quo-

268 530 302 548 dnn
315 530 397 549 Mai-tino
412 530 495 555 Baczek‚
514 530 583 549 clerico
599 534 672 549 nostro.
692 530 716 549 Et
731 530 823 555 quoniam
839 530 889 548 idem
905 530 940 548 iste
954 529 1033 548 clericus
1048 529 1083 548 fuit
1098 529 1154 548 etiam
1169 529 1188 549 in

268 561 329 586 aequali
343 562 487 586 propemodum
501 565 559 586 atque
573 561 622 580 adeo
637 561 708 586 majore
723 567 799 580 summa
817 561 909 586 pecuniae
923 561 1015 580 sententia
1030 561 1053 579 V.
1068 560 1127 580 Ftatis
1141 567 1187 579 con-

268 591 364 615 demnatus,
384 592 410 610 ob
425 589 522 617 pulsatum
542 592 650 617 frustraque
670 597 735 617 postea
755 593 820 611 litibus
841 593 939 611 :urbatum
959 592 1056 617 quendam
1075 592 1186 617 agricolam,

269 622 325 642 fitmm
338 627 372 646 est,
387 628 409 642 ut
422 624 466 642 huic
481 624 584 648 pecuniae,
599 629 648 648 quae
663 624 746 649 reposita
762 628 798 647 est,
813 624 838 642 ita
852 624 876 642 sit
891 629 925 648 per
939 623 1041 648 agricolam
1056 623 1188 646 intercessum,

268 659 288 672 ne
298 655 361 673 clerico
376 655 517 678 extraderetur;
531 661 580 679 quae
595 661 623 673 res
638 661 698 679 quum
707 655 738 673 'ad
750 654 772 673 V.
787 655 861 673 l-'tatem
876 655 947 679 perlata
962 654 1047 673 fortassis
1061 660 1100 673 non
1115 654 1187 677 fuisset,

269 684 324 704 invexit
337 686 357 704 in
372 686 531 705 Smilovicensem
546 686 653 705 Plebanum
668 692 757 704 censuras
769 692 779 704 a
791 686 813 704 V.
826 686 886 704 Ftate.
899 685 957 704 Nunc
971 685 1017 710 quid
1032 684 1070 704 est?
1084 685 1187 709 Plebanus,

268 716 294 741 qui
304 717 386 735 censuris
401 721 428 736 est
442 718 546 739 involutus,
560 717 585 735 ita
598 724 654 742 aeger
666 721 700 740 est,
715 720 736 735 ut
750 723 800 741 pene
814 717 898 735 animam
913 723 969 741 agere
983 716 1063 740 dicatur,
1078 717 1187 741 pecuniam,

267 752 314 771 quum
327 748 402 771 debuit,
417 748 512 772 reposui13
531 748 576 767 huic
590 748 683 773 pecuniae
698 752 732 771 est,
747 752 768 767 ut
782 748 827 771 dixi,
843 754 877 773 per
890 748 994 772 agricolam
1009 748 1140 767 intercessum.
1155 748 1187 766 Vi-

266 778 301 797 deat
312 779 334 797 V.
348 779 393 798 Ftas
408 779 445 804 jam
460 779 554 804 primum,
575 785 600 798 an
614 786 624 798 a
639 779 725 798 Plcbano
740 785 830 798 censurae
852 779 921 798 merito
935 779 975 798 tolli
991 785 1030 798 non
1048 779 1140 802 debeant,
1155 779 1188 798 de-

265 807 308 834 inde,
320 817 345 830 an
360 811 451 835 pecunia,
470 816 520 835 quae
535 811 616 835 reposita
632 815 669 833 est,
690 817 729 829 non
748 810 817 829 merito
839 810 934 835 agricolae
954 810 1021 829 cedere
1039 811 1117 834 debeat,
1135 817 1188 835 prae-

264 842 319 860 :enim
334 847 394 867 quurn
410 842 488 860 clericus
503 842 540 865 ille,
554 842 603 861 sicut
616 842 686 863 fertur.
701 848 722 860 ea
737 842 762 860 sit
775 842 896 864 conditione,
913 846 934 860 ut
948 841 1025 860 aliunde
1040 848 1080 860 esse
1094 842 1188 860 solvendo

264 877 295 891 non
309 873 374 898 possit.
390 873 451 892 Nobis
465 873 484 891 id
498 879 544 891 sane
558 879 641 898 aequum
656 879 696 892 esse
711 873 797 895 videtur,
816 879 874 897 quarn
889 873 1001 897 opinionem
1016 877 1101 892 nostram
1116 873 1131 891 si
1145 879 1188 892 sen-

264 904 312 923 remia
331 910 365 923 sua
385 904 516 929 comprobarit
530 904 552 923 V.
567 904 617 927 Ftas,
639 909 657 922 et
678 904 778 928 aequitatis
797 903 855 922 simul
869 907 888 922 et
902 904 961 922 nostri
981 910 1070 928 magnam
1093 904 1187 922 rationem

264 936 343 954 :abuisse
358 935 458 954 videbitur.
474 935 544 954 Datum
559 935 592 953 1111
606 935 685 960 Aprilis,
701 935 825 953 Vladislaviac
840 934 909 953 MDLl.

286 1025 291 1035 Ι
314 1024 411 1042 Smiluwice,
422 1023 487 1044 parntijz
499 1028 513 1038 w
524 1023 600 1044 powlecie
612 1023 734 1041 wtoclawskim;
746 1028 760 1038 w
772 1024 806 1043 rkp.
819 1023 962 1042 „Smilonicensirn
