1465 2093
554 209 694 223 maronianum
708 210 769 227 mem,
782 209 889 223 Aprenmx.
1152 204 1186 227 535

260 266 279 278 eo
293 266 314 279 ac
330 261 388 279 debui
408 261 542 285 prudentiam,
562 267 599 285 qua
614 267 669 279 usum
684 265 703 279 te
717 261 741 279 ad
755 265 829 279 mature
843 261 971 285 opprimenda
991 260 1070 279 consilia
1085 266 1114 279 res
1129 266 1187 279 novas

259 291 377 310 molientium
392 291 516 310 confirmasti.
537 292 602 314 Quare
617 298 655 310 non
671 296 704 315 cst,
719 293 772 317 quod
787 292 855 310 iterum
870 292 894 310 ad
908 298 950 310 eam
964 291 1075 316 particulam
1090 291 1188 315 proximae

257 322 347 347 epistolae
362 327 406 341 tuae
421 323 556 347 respondeam,
571 329 620 347 quae
635 323 682 342 mihi
697 324 758 348 pridie
771 323 844 342 reddita
856 327 890 341 est.
906 323 964 345 Quod
976 329 1021 341 vero
1032 323 1055 341 ad
1068 323 1188 341 Vilnenensis

256 353 391 378 Suffraganei¹
412 354 549 372 haereditatem
569 354 645 377 attinet,
665 360 755 379 cuperem
776 361 812 379 ego
832 354 909 379 quidem
931 354 1061 376 vehementer,
1081 354 1115 372 tibi
1130 354 1149 372 in
1164 360 1188 372 eo

256 385 333 409 negotio
348 386 503 404 benevolentiam
518 392 580 404 meam
596 386 621 404 ita
636 387 724 410 probare,
745 390 766 404 ut
779 389 822 410 post
837 385 871 403 hac
892 385 939 403 nihil
959 391 999 403 esse
1020 385 1053 403 tibi
1073 385 1188 409 persuadere

256 416 312 440 plane
327 423 399 441 posses,
420 417 472 441 quod
488 421 519 435 tua
534 423 589 435 causa
610 417 735 435 libentissime
750 423 789 435 non
804 416 892 435 facerem.
918 416 956 434 Sed
971 416 994 435 de
1009 420 1048 434 tota
1064 422 1083 434 re
1097 417 1134 441 jam
1150 416 1187 440 pri-

256 447 298 466 :iem
314 453 357 466 cum
373 447 456 466 Summo
471 448 564 467 Pontifice
579 451 695 466 transactum
711 451 750 470 est;
765 447 779 465 is
794 447 844 465 enim
860 447 904 465 Rmi
917 447 1024 465 Cardinalis
1037 447 1055 465 S,
1067 447 1133 465 Jacobi
1146 453 1188 471 pre-

256 478 310 497 :ibus
331 483 394 497 motus
415 479 508 504 integram
529 479 666 497 haereditatem
687 478 776 497 fratribus
791 478 810 496 S.
825 478 928 499 Dominici,
949 478 982 502 qui
1002 478 1021 496 in
1036 479 1069 496 ista
1090 478 1188 502 provincia

256 514 309 532 sunt,
329 510 432 528 liberaliter
447 510 577 535 benigneque,
597 515 617 528 nt
631 510 688 533 solet,
709 510 774 528 omnia
794 510 877 528 donavit.
903 510 970 532 Quum
990 510 1054 534 itaque
1069 516 1097 528 res
1113 516 1150 528 non
1165 510 1189 528 sit

256 540 338 565 integra,
357 547 441 565 aequum
461 547 501 560 esse
516 541 570 564 duxi,
591 547 613 559 ne
628 541 675 565 quid
694 545 728 559 tuo
749 541 828 559 nomine
848 541 977 565 postularetur
991 547 1001 559 a
1016 540 1115 564 Pontifice,
1135 541 1188 565 quod

256 571 353 596 impetrari
368 578 407 590 non
422 577 492 597 posset.
507 573 613 595 Quomodo
628 576 692 590 autem
707 578 751 591 cum
764 573 804 596 ejus
815 572 920 591 sodalitatis
933 572 1033 590 Praefectis
1044 572 1079 590 tibi
1091 572 1188 596 agendum

256 603 288 625 sit,
309 608 362 622 certo
376 604 423 626 scin,
443 608 461 622 te
475 610 510 628 pro
525 608 557 622 tua
577 610 652 622 summa
673 603 773 628 prudentia
794 601 964 622 consideraturum.
990 603 1032 627 Ego
1047 603 1076 621 hic
1091 603 1155 622 Jacobi
1170 607 1188 622 et

257 633 329 653 Erasmi
350 641 426 653 causam
442 635 467 653 ita
481 635 557 658 tuebor,
578 639 599 653 ut
613 641 681 653 omnes
700 634 816 659 intelligunt,
837 634 884 653 mihi
905 641 944 653 non
959 635 1019 653 modo
1034 640 1082 659 quoe
1097 635 1120 652 ad
1135 638 1188 653 tuam

259 665 375 690 dignitatem,
396 666 430 684 sed
444 672 571 690 quaecunque
586 666 643 684 etiam
658 667 681 684 ad
696 666 787 684 clientum
801 670 879 684 tuorum
894 665 998 684 mediocria
1012 666 1115 684 commoda
1130 666 1187 690 perti-

261 701 307 719 nent,
321 703 408 716 summae
423 703 479 716 curae
494 703 540 716 esse.
556 697 608 716 Valet
624 697 693 720 Roma,
707 697 750 716 XVI
766 697 860 716 Calendas
875 697 987 716 Decembris
1004 703 1058 721 1554-

284 769 325 789 862.
624 771 699 790 Idem
713 771 798 790 eidem
807 770 820 789 ⁷*

904 818 985 840 Romae,
999 819 1026 836 27
1040 818 1115 842 Aprilis
1130 819 1186 836 1555.

320 853 394 875 Quarto
409 853 485 872 decimo
500 853 595 872 Calendas
610 854 655 878 Maji
671 854 724 872 binas
739 854 801 872 literas
816 858 857 872 tuas
871 854 942 878 accepi,
963 860 1010 878 quae
1026 854 1072 872 mihi
1087 860 1097 872 a
1111 854 1188 873 Ticinio

256 889 296 902 una
309 890 351 902 cum
367 884 447 908 epistola
462 885 485 902 ad
500 884 570 903 Julinm
586 885 610 902 111
626 885 739 903 Pontificem
754 885 831 910 scriptu,
846 885 930 903 redditae
942 890 992 904 sunt.
1008 886 1024 904 is
1036 892 1081 904 vcro
1093 885 1188 908 Pontifex,

256 918 282 932 ut
294 914 328 939 jam
342 916 416 934 dudum
431 916 454 933 ad
470 922 503 934 vos
518 916 596 934 :illatum
611 922 650 934 esse
665 916 754 940 arbitror,
769 916 845 935 decimo
861 916 955 935 Calendas
969 917 1052 941 Aprilis,
1072 923 1133 941 quum
1148 923 1187 935 am-

256 945 307 969 plius
324 952 410 965 mensem
431 947 501 965 morbo
521 947 646 971 podagraque
667 947 780 970 laborasset,
800 952 887 966 mortuus
908 952 943 970 est,
963 952 1020 972 atque
1035 948 1054 966 in
1069 948 1108 972 ejus
1123 948 1187 966 locum

256 977 337 1001 septimo
347 978 354 990 ³
369 978 413 996 idus
428 978 528 996 Marcellus
540 978 565 1005 Jl,
580 982 634 996 antea
649 977 756 997 Cardinalis
769 978 788 996 S.
800 978 874 1001 Crucis,
889 979 979 997 omnibus
990 979 1102 1003 amplissimi
1115 979 1187 1000 ordinis

256 1009 352 1027 sententiis
372 1009 493 1034 mirificoque
512 1015 607 1028 consensu
625 1009 712 1028 Pontifex
727 1014 800 1028 creatus
814 1014 847 1028 cst,
873 1010 937 1032 Quem
952 1010 1050 1028 hominem
1066 1010 1117 1028 Deus
1131 1010 1187 1034 Opti-

256 1043 302 1057 rnus
315 1040 407 1059 Maximus
422 1040 451 1059 his
466 1040 539 1059 miseris
553 1041 672 1065 temporibus
684 1041 779 1060 Ecclesiae
791 1047 835 1059 suae
847 1047 935 1065 praeesse
946 1041 1013 1064 voluit,
1028 1045 1047 1060 ut
1061 1048 1096 1066 ego
1108 1042 1186 1066 quidem

256 1071 324 1094 Sentio,
337 1078 360 1090 ne
375 1075 405 1090 tor
420 1072 474 1090 malis
488 1071 564 1094 afflicta,
579 1076 606 1090 tot
621 1072 708 1091 hostibus
722 1076 788 1091 vexata
802 1077 952 1097 oppugnataque
967 1072 1059 1091 catholica
1072 1072 1119 1091 fides
1131 1077 1187 1097 atque

256 1100 328 1126 religio,
342 1103 532 1127 corruptissimorum
548 1103 649 1121 hominum
665 1103 819 1128 impriorumque
831 1104 971 1122 haereticorum
985 1104 1073 1128 injuriae,
1087 1104 1187 1122 calumniis

256 1129 425 1159 impudenziaeque
440 1134 510 1152 diutius
525 1138 574 1152 esset
588 1135 680 1159 exposita.
706 1135 771 1158 Quare
786 1141 846 1159 quum
862 1135 903 1153 Deo
921 1135 990 1159 gratias
1004 1141 1060 1159 agere
1074 1141 1140 1153 omnes
1155 1135 1187 1153 ‹ic-

256 1160 329 1188 bernus,
343 1169 382 1184 tum
398 1165 512 1184 christianae
527 1165 651 1190 Reipublicae
669 1172 786 1190 magnopere
800 1166 900 1191 gratulari,
920 1166 950 1185 cui
965 1166 1001 1185 sub
1016 1166 1097 1191 Optimo
1112 1166 1187 1190 sapien-

256 1191 367 1221 tissimoque
382 1197 470 1221 Principe
485 1197 541 1221 plane
555 1198 669 1221 sperandum
685 1203 725 1216 esse
739 1197 811 1222 judico,
828 1203 868 1215 non
883 1198 943 1215 modo
958 1198 1094 1222 improborum
1109 1201 1187 1216 conatus

256 1226 283 1242 ut
296 1228 403 1252 propediem
424 1228 577 1252 comprimantur
597 1228 762 1253 vindicenturque,
783 1235 849 1247 verum
864 1229 921 1248 etiam
936 1233 957 1248 ut
970 1229 990 1247 in
1006 1229 1105 1253 pristinam
1126 1228 1187 1253 ipsam

256 1253 366 1281 dignitatem
379 1263 435 1283 atque
447 1259 578 1284 splendorem,
593 1259 611 1278 id
624 1264 651 1278 cst
662 1260 686 1278 ad
698 1266 741 1278 vere
753 1260 876 1278 christianam
889 1260 978 1284 pietatem
991 1260 1120 1284 traditumque
1131 1266 1141 1277 a
1155 1266 1187 1284 pa-

256 1286 317 1308 tribus
330 1296 373 1308 curn
388 1290 490 1309 Sacrorum
506 1291 592 1309 omnium
608 1291 686 1313 rituum,
701 1295 742 1310 tum
757 1291 792 1309 Dei
807 1291 938 1316 Diverumque
950 1292 1022 1310 cultum
1036 1295 1186 1309 consentaneum

257 1320 421 1346 ¹¹ecessariumque
437 1327 535 1341 revocetur
548 1326 606 1347 atque
621 1322 736 1341 restituatur.
761 1323 791 1341 Ad
807 1328 864 1347 quam
879 1329 919 1340 rem
934 1322 1071 1347 perficiendam
1086 1326 1104 1340 et
1118 1322 1132 1340 si
1148 1322 1187 1341 scio

258 1346 356 1371 Sutnmum
370 1353 482 1372 Pontificem
495 1353 606 1372 Marcellum
619 1360 697 1372 omnem
709 1354 835 1376 voluntatem,
847 1354 991 1378 cogitationem,
1006 1353 1126 1376 industriam,
1141 1359 1187 1377 ope-

260 1383 306 1405 ram,
325 1388 409 1403 mentem
430 1385 513 1409 denique
531 1391 610 1403 omnem
630 1391 670 1403 esse
690 1385 842 1408 collocaturum,
862 1389 949 1403 nostrum
967 1389 1031 1403 tamen
1046 1384 1132 1403 officium
1147 1391 1187 1403 esse

262 1414 303 1433 mihi
321 1416 360 1440 jure
380 1416 488 1434 existimare
502 1416 574 1438 videor,
593 1421 614 1434 ut
628 1416 709 1434 assiduis
724 1416 814 1440 precibus
828 1422 838 1434 a
853 1416 894 1434 Deo
909 1416 1034 1440 postulemus,
1054 1420 1074 1434 ut
1089 1415 1187 1434 Pontificis

263 1447 315 1465 ¹'lustri
329 1447 371 1471 pios
386 1451 466 1465 conatus
480 1448 503 1465 ad
518 1447 593 1466 felicem
613 1447 684 1466 exitum
704 1447 787 1465 maximo
807 1454 851 1466 cum
865 1447 924 1465 totius
939 1447 1062 1471 Reipublicae
1082 1447 1186 1465 commodo

264 1480 292 1500 Pro
305 1484 339 1497 sua
359 1478 476 1502 benignitate
496 1478 594 1502 perducat.
620 1478 658 1497 Sed
672 1479 728 1497 venio
743 1478 781 1503 jam
795 1479 819 1496 ad
833 1478 896 1497 literas
911 1482 958 1502 tuas,
978 1479 997 1497 in
1012 1478 1081 1503 quibus
1096 1478 1148 1503 quod
1163 1478 1186 1496 de

262 1505 365 1527 labefactata
385 1509 455 1533 passim
476 1509 567 1533 religione
582 1510 605 1528 ab
621 1510 714 1534 equestris
728 1510 801 1528 ordinis
816 1509 860 1528 viris
874 1510 898 1528 ad
912 1516 943 1528 me
958 1509 1099 1534 Summumque
1120 1509 1186 1527 Ponti—

260 1538 308 1559 ficem
323 1540 397 1562 scribis,
411 1540 465 1563 scito,
480 1547 510 1559 me
525 1541 626 1565 bonosque
641 1546 715 1563 omnes,
730 1545 787 1565 atque
802 1541 896 1565 imprimis
911 1540 1025 1559 Pontificem
1039 1541 1101 1565 ipsum
1116 1546 1186 1564 magna

257 1571 340 1590 molestia
360 1571 437 1590 affectos
457 1578 503 1594 esse,
523 1576 580 1597 atque
594 1572 614 1590 in
628 1578 670 1590 eam
685 1578 750 1591 curam
770 1572 886 1594 incumbere,
906 1575 927 1590 ut
941 1577 1057 1596 quacunque
1072 1571 1112 1590 fieri
1127 1571 1187 1595 possit

256 1603 332 1626 ratione,
346 1602 390 1621 huic
404 1603 512 1621 teterrimae
526 1603 574 1627 pesti
589 1603 708 1627 medeamur,
723 1603 747 1621 ad
761 1609 820 1627 quam
834 1603 987 1627 conpescendam
1005 1606 1062 1627 atque
1079 1602 1183 1627 profligan-

284 1698 289 1709 Ι
312 1697 378 1717 Georgii
390 1696 452 1712 Albini?
515 1697 520 1707 ¹
535 1697 585 1712 Latini
597 1696 652 1712 Latinii
665 1697 750 1717 Epistol-e,
762 1697 766 1711 l
777 1696 844 1716 ,ιι-43.
908 1696 914 1706 ²
929 1696 961 1711 ste!
973 1696 1038 1711 zamiest
1051 1697 1123 1714 „sexto“.
