1465 2093
273 201 309 219 508
640 206 659 219 Α.
676 205 838 220 mmmm

334 257 407 276 Deinde
422 257 559 282 interrogatus,
580 263 626 275 num
642 258 705 276 credat
720 257 809 276 Sanctam
824 257 928 276 Ecclesiam
943 257 1072 279 catholicam,
1093 256 1194 274 Sanctum

271 288 428 307 communionem
443 292 461 307 et
475 289 537 307 carnis
552 287 723 307 resurrectionem?
741 288 840 313 respondit
853 294 888 313 per
901 288 993 306 verbum:
1007 287 1078 306 Credo
1094 286 1194 306 firmissime

333 320 379 338 ltem
400 320 528 344 interrogatus
542 320 566 338 de
580 320 673 340 Ecclesia.
693 320 725 338 ubi
740 320 773 342 sit,
788 325 806 338 et
819 326 867 338 num
887 319 960 344 Spiritu
974 319 995 338 S.
1009 323 1100 343 regatur,
1114 323 1146 337 aut
1158 324 1193 337 num

270 351 331 376 possit
347 357 420 373 errare,
440 355 458 369 et
473 357 496 368 an
512 351 562 375 Papa
577 356 610 369 seu
632 351 731 369 Romanus
752 351 840 369 Pontifex
854 351 879 369 sit
892 355 950 375 caput
968 350 1028 374 hujus
1043 350 1142 369 Ecclesiae
1161 354 1194 374 post

272 382 369 401 Christum
384 382 403 400 in
418 381 483 400 terris?
498 382 603 406 respondit,
617 382 722 400 Ecclesiam
737 388 778 400 esse
789 382 809 400 in
820 382 875 400 coelo
889 381 1051 406 triumphantem,
1063 381 1086 399 in
1097 385 1146 399 terra
1156 381 1195 399 mili-

270 417 341 432 tantem
353 417 371 432 et
383 413 400 431 in
414 413 526 437 purgatorio
541 417 689 437 exwectantem,
702 417 720 431 ct
733 413 799 436 credit,
813 414 868 438 quod
880 413 952 437 regitur
963 412 1039 437 Spiritu
1050 412 1070 431 S.
1081 417 1101 430 et
1110 418 1194 437 uunquam

270 449 331 469 potest
353 450 425 467 errare,
448 444 541 469 dixitque,
564 448 607 468 post
628 444 727 462 Christum
750 444 821 468 Papam
842 450 883 463 esse
902 448 958 468 caput
980 444 1081 462 Ecclesiae
1105 443 1195 462 :atheum

270 475 289 494 in
304 475 364 494 terris.

333 507 379 525 ltem
400 507 535 531 interrogatus,
556 513 602 525 num
623 507 687 525 credat
702 506 795 525 Conciliis
809 511 826 525 et
841 507 926 525 Decretis
941 506 1059 525 Sanctorum
1081 510 1166 530 patrum,
1176 506 1194 524 ab

270 538 353 556 Ecclesia
374 538 465 556 catholica
485 538 565 562 receptis
587 541 619 556 aut
633 544 668 556 usu
691 538 769 562 publico
791 536 912 562 approbatis:¹
933 537 1034 562 respondit
1058 543 1095 561 per
1117 537 1193 555 verbum:

270 569 334 588 Credo
350 575 383 594 per
397 569 469 587 omnia¹

333 600 379 618 ltem
394 600 532 625 interrogatus,
549 606 573 618 an
588 600 661 621 credat.
682 606 841 625 unumquemque
855 601 918 625 Papae
932 604 951 619 et
964 600 1060 619 Praelatis
1074 600 1116 619 suis
1129 604 1194 624 propter

269 631 415 653 conscientiam,
435 631 470 650 hoc
485 635 513 650 est
528 631 551 650 de
571 631 681 650 necessitate
701 631 767 649 salutis
780 631 861 650 obedire
880 630 980 656 oportere?
1000 631 1106 656 respondit
1119 637 1151 655 per
1162 637 1193 649 ver-

270 663 325 681 bum:
341 662 411 681 Credo.

333 694 378 712 ltem
391 694 414 713 de
427 694 569 718 dispensatione
584 694 665 712 clavium
680 698 698 712 et
715 694 839 718 indulgentiis
858 693 997 718 interrogatus?
1012 694 1126 719 respondit:
1139 693 1193 712 Sentio

271 729 289 743 et
303 729 366 747 teneo,
380 729 438 749 prout
452 725 536 743 Ecclesia
550 724 643 743 catholica
658 725 753 743 observat.

333 755 379 774 ltem
399 756 536 780 interrogatus,
559 762 583 774 an
598 756 771 774 excommunicatio
786 756 859 781 obliget
876 756 1058 775 excommunicatos
1075 763 1086 775 a
1107 754 1192 775 praelatis}

271 787 375 811 respondit,
390 787 443 811 quod
458 787 503 811 ligat
517 791 536 805 et
549 787 601 805 solus
615 787 640 805 ita
654 787 748 805 observat.

333 818 379 836 ltem
394 818 418 836 de
432 818 555 836 sacramentis
569 818 664 836 Ecclesiae
678 818 725 843 quid
745 818 822 840 sentiat,
843 822 891 842 quot
905 824 987 837 numero
1001 822 1020 837 et
1035 824 1097 843 quae,
1116 822 1135 837 et
1146 824 1166 836 an
1177 818 1192 836 iu

269 853 389 868 sacramento
410 849 539 868 Eucharistiae
553 850 618 867 credat
637 849 735 868 veritatem
750 850 836 874 corporis
851 854 869 868 et
882 850 981 874 sanguinis
1001 848 1087 868 Christi?
1108 849 1192 874 respondit

270 887 304 905 per
317 881 406 899 verbum:
427 880 495 899 Sentio
509 880 544 902 ita.
565 885 622 905 prout
636 881 718 899 Ecclesia
738 881 832 900 catholica
852 885 903 899 tenet
917 885 935 899 et
949 881 1050 903 observat,
1064 884 1084 899 et
1098 881 1149 904 dico,
1161 886 1192 899 etse

269 915 342 936 septem
358 912 377 930 in
392 918 473 930 numero
487 916 605 930 sacramenta
620 912 724 934 Ecclesiae,
743 916 762 931 et
776 913 834 931 credo
849 912 938 935 firmiter,
953 912 972 930 in
987 916 1111 930 sacramento
1130 911 1191 930 Eucha-

269 943 332 961 ristiae
347 949 386 961 esse
401 943 499 961 veritatem
515 943 601 967 corporis
615 947 634 961 et
647 943 747 970 sanguinis
762 943 840 962 Christi.

331 974 378 992 Item
394 973 528 998 interrogatus,
543 979 589 992 num
604 974 677 996 credat,
692 974 728 992 sub
742 974 799 992 altera
814 974 877 999 specie
896 974 1010 993 tantundem
1025 975 1130 997 contineri,
1144 980 1191 999 qusu-

269 1009 310 1023 tum
325 1005 360 1023 sub
375 1009 463 1029 utraque,
484 1009 502 1023 et
516 1011 540 1023 an
559 1009 610 1023 extra
629 1005 760 1029 sumptionem
780 1005 803 1024 sit
818 1012 883 1024 verum
904 1005 974 1024 Christi
995 1004 1079 1030 corpus?
1100 1005 1191 1030 respon-fit,

269 1040 344 1055 tantum
358 1036 394 1054 suh
409 1042 453 1058 una,
468 1040 562 1060 quantum
577 1036 612 1054 sub
627 1040 708 1061 utraque
722 1036 823 1059 contineri,
838 1041 855 1055 et
870 1036 935 1060 credit,
950 1041 1003 1055 extra
1017 1037 1149 1061 sumptionem
1161 1042 1191 1055 esse

269 1074 337 1086 verum
352 1073 422 1092 corpus
436 1067 507 1086 Christi
522 1071 540 1086 ct
555 1067 600 1085 illud
615 1073 659 1086 cum
674 1073 751 1086 summo
766 1067 842 1086 honore
856 1071 963 1086 veneratur.

333 1098 379 1117 ltem
395 1099 532 1123 interrogatus,
553 1093 598 1116 n⁵um
614 1099 689 1121 credat,
705 1102 807 1123 utramque
826 1099 908 1123 speeiem
929 1103 981 1117 extra
995 1099 1076 1117 Missam
1091 1100 1115 1118 ad
1128 1104 1191 1118 sumen·

269 1130 316 1148 dum
330 1135 370 1148 esse
385 1128 522 1148 necessariam?
537 1130 645 1154 respondit,
663 1136 721 1148 unam
739 1130 822 1154 speciem
836 1130 923 1149 sufficere
937 1130 996 1153 laicis,
1010 1130 1100 1149 similiter
1113 1135 1131 1149 et
1143 1135 1192 1149 sacer·

269 1161 347 1179 dotibus
362 1160 441 1179 Missam
456 1164 496 1179 tum
512 1166 551 1179 non
565 1161 712 1179 celebrantibus.

333 1192 379 1210 Item
400 1192 537 1216 interrogatus,
557 1198 580 1210 an
595 1192 745 1211 communicavit
763 1199 814 1211 annu
835 1193 939 1217 praesenti,
958 1198 983 1211 an
997 1193 1103 1211 celebravit
1120 1193 1193 1214 Missam.
1216 1188 1219 1230 i

270 1228 288 1242 et
303 1223 381 1248 quando
401 1227 452 1241 extra
472 1223 550 1241 Missam
571 1224 728 1245 communicavit,
749 1227 767 1242 et
781 1230 804 1242 an
819 1223 876 1242 etiam
895 1223 983 1242 subditos
1003 1224 1087 1243 diocesis
1106 1230 1149 1243 suae
1166 1224 1194 1242 sub
1216 1239 1219 1242 Δ

271 1260 351 1279 utruque
372 1254 434 1279 specie
455 1255 564 1278 procuravit
577 1259 609 1272 aur
623 1255 720 1278 procurari
735 1254 788 1273 fecit?
809 1255 917 1279 respondit,
938 1255 989 1279 quod
1004 1255 1109 1274 celebravit
1128 1255 1194 1274 Missam

269 1292 321 1305 anno
340 1286 435 1310 praesenti
453 1286 471 1304 in
490 1286 581 1304 omnibus
601 1286 707 1310 praecipuis
727 1286 871 1309 festivitatibus,
891 1290 942 1305 extra
962 1286 1041 1305 Missam
1062 1286 1195 1305 communicare

270 1323 309 1336 non
324 1317 432 1340 consuevit,
448 1323 482 1335 nec
496 1317 583 1335 subditos
598 1316 679 1335 diocesis
693 1323 738 1335 suae
752 1318 787 1335 sub
801 1321 883 1342 utraque
894 1317 957 1341 specie
971 1318 1130 1340 communicavit.
1144 1323 1196 1342 neque

270 1348 379 1373 procuravit
393 1355 428 1367 nec
442 1348 541 1373 procurari
557 1348 606 1370 fecit,
620 1352 695 1367 tantum
710 1348 746 1366 sub
762 1354 798 1367 una
812 1349 882 1373 specie.

333 1380 379 1398 Item
394 1380 417 1398 de
432 1379 517 1404 partibus
532 1379 671 1404 poenitentiae,
690 1384 737 1404 quot
752 1386 833 1398 numero
848 1385 866 1399 et
881 1386 928 1404 quas
946 1384 1005 1404 ponat
1019 1384 1086 1404 partes
1108 1381 1198 1405 poeniten-

270 1411 315 1433 tiae,
330 1410 377 1435 quid
391 1410 461 1429 sentiat
475 1409 613 1435 interrogatus?
631 1411 739 1435 respondit,
757 1415 814 1435 prout
833 1411 916 1430 Ecclesia
933 1411 1026 1430 catholica
1044 1412 1106 1431 sentit
1119 1416 1138 1431 et
1150 1415 1200 1434 tenet,

270 1446 289 1460 et
303 1448 342 1460 non
356 1441 419 1464 aliter,
433 1446 451 1459 et
465 1441 520 1464 dixit,
535 1447 566 1460 eas
581 1448 620 1460 esse
635 1445 681 1465 tres,
699 1442 849 1465 confessionem,
865 1442 1000 1461 contritionem
1015 1447 1034 1461 et
1049 1443 1200 1462 satisfactionem.

333 1472 380 1491 ltem
395 1473 417 1491 de
431 1472 559 1491 satisfactione
575 1473 622 1497 quid
636 1473 704 1491 sentiat
718 1472 858 1498 interrogatus?
876 1473 985 1498 respondit,
1004 1477 1065 1497 prout
1079 1474 1165 1493 Ecclesia
1177 1480 1201 1493 ca-

270 1504 339 1523 tholica
355 1504 417 1526 docet,
433 1508 450 1522 et
465 1504 530 1527 credit,
545 1504 693 1522 satisfactionem
709 1511 749 1523 esse
764 1508 842 1529 propter
857 1505 949 1529 expianda
964 1508 1050 1529 peccata.

334 1535 380 1553 Item
396 1535 531 1559 interrogatus,
545 1541 569 1553 an
584 1535 704 1557 confitentur,
719 1536 751 1554 ubi
767 1540 784 1554 et
796 1534 836 1554 cui?
851 1536 956 1560 respondit,
971 1536 1024 1560 quod
1040 1536 1149 1556 confitetur
1162 1543 1204 1556 sem-

271 1573 311 1592 per,
326 1572 385 1591 quum
401 1567 425 1585 ad
439 1566 502 1585 altaris
516 1566 629 1585 sacrificium
645 1567 734 1585 accedere
748 1567 794 1590 vult,
809 1571 828 1585 et
838 1567 878 1585 suis
892 1567 1037 1586 consessoribus
1049 1567 1070 1586 in
1086 1568 1160 1587 diocesi
1171 1575 1205 1587 sua.

334 1598 380 1616 Item
396 1598 534 1622 interrogatus,
555 1604 578 1616 an
594 1599 666 1620 credat,
686 1598 764 1616 Missam
785 1604 825 1616 esse
840 1604 904 1617 verum
925 1598 1051 1621 sacrificium,
1067 1603 1087 1618 et
1102 1606 1128 1618 an
1143 1601 1207 1621 credat,

270 1630 368 1649 Christum
382 1630 401 1648 in
413 1636 436 1648 eo
447 1636 458 1648 a
469 1636 551 1654 corpore
565 1636 607 1652 suo,
622 1630 675 1654 quod
688 1634 715 1648 est
728 1629 818 1653 Ecclesia,
834 1635 868 1654 per
879 1629 1006 1648 ministerium
1022 1631 1135 1650 sacerdotis
1149 1626 1206 1650 offeff?

271 1661 371 1686 respondit
385 1667 419 1685 per
434 1661 524 1679 verbum:
540 1660 603 1679 Credo
619 1661 732 1680 firmissime.
