1465 2093
498 212 639 227 mnemon
652 212 716 231 mm,
730 212 837 226 uparrmx.
1096 206 1132 230 549

189 271 242 285 mea
257 266 277 285 in
290 266 363 291 probos
380 270 438 290 atque
456 265 540 284 eruditos
554 265 611 289 viros,
625 265 735 290 praesertim
750 271 795 283 vero
806 264 892 283 Polonos
903 264 1007 286 voluntate,
1019 263 1080 283 facere
1092 270 1133 283 non

191 297 262 321 potui,
276 298 323 322 quin
338 297 371 316 tibi
387 297 486 315 hominem
502 297 529 316 tui
544 297 635 321 cupidum
656 297 733 321 meique
747 296 855 315 studiosum
875 296 1036 315 commendarem.
1059 295 1133 314 Feceris

193 328 259 353 igitur
273 329 319 347 mihi
334 329 473 353 gratissimum,
493 328 509 346 si
523 328 626 347 Patricium
643 328 668 346 ita
683 328 702 346 in
716 332 768 347 tuam
789 327 848 346 fidem
867 327 1013 352 clientelamque
1033 327 1132 351 receperis,

194 364 219 378 ut
234 360 250 379 is
265 360 367 385 intelligat,
387 366 449 378 meam
470 360 659 379 commendationem
675 366 714 378 non
728 359 826 383 vulgarem
841 359 907 381 fuisse,
927 363 984 383 atque
998 359 1050 383 apud
1064 362 1082 376 te
1096 364 1132 383 pro

196 396 267 410 nostra
281 391 413 410 benevolentia
434 397 526 416 magnum
540 391 617 416 pondus
632 391 726 410 habuisse.
742 391 792 409 Vale.
808 390 876 414 Roma,
892 390 916 409 V1
931 390 975 408 Idus
990 390 1060 414 Aprilis
1078 390 1132 414 1559.

223 464 271 484 875.
292 465 391 484 Paulus
402 465 538 484 Manutius
549 465 705 486 zebridovm,
717 464 845 488 Episcopo
857 463 1023 484 cracoviensi
1034 463 1044 482 ¹.

890 511 979 533 Veneriis,
995 521 1019 524 —-
1035 521 1058 524 -
1072 510 1131 529 1559.

262 547 317 571 vide,
333 554 382 572 quae
396 548 420 566 sit
433 548 461 566 vis
475 548 531 566 etiam
547 548 597 572 apud
616 548 689 566 alienos
709 548 825 575 ignotosque
846 547 934 566 homines
948 553 1003 565 verae
1022 547 1132 571 solidaeque

197 579 280 598 virtutis.
301 579 380 604 Aliquot
394 580 417 598 ab
432 580 476 598 hinc
491 580 546 598 annis
566 585 626 604 quum
641 580 728 604 egregios
743 580 803 602 viros,
823 579 856 604 qui
870 583 888 597 te
903 585 942 597 non
959 579 983 597 de
997 578 1044 597 facie
1064 578 1132 601 solum,

195 617 264 629 verum
280 610 337 629 etiam
351 617 361 629 e
375 617 465 629 sermone
485 611 600 635 assiduaque
621 611 760 629 consuetudine
779 611 852 635 optime
873 614 984 634 noverant„
994 610 1059 628 omnia
1076 610 1100 628 de
1113 614 1132 628 te

194 648 275 661 summa
291 642 419 666 praedicantes
434 642 527 665 audirem,
541 642 605 660 studio
618 642 644 660 tui
657 648 699 660 sum
715 642 804 660 incensus
818 641 930 664 incredibili,
942 647 976 660 nec
989 647 1050 660 meam
1063 640 1132 659 deinde

193 673 340 692 observantiam
355 673 395 691 dies
410 673 498 692 exstinxit
518 677 549 692 aut
563 673 672 695 imminuit,
686 668 719 692 sed
738 673 789 692 auxit
808 673 873 697 potius
892 673 916 691 ad
932 678 1069 697 summumque
1089 678 1132 696 pet-

194 704 260 722 duxit.
281 705 345 728 Atque
359 704 448 728 equidem
464 704 511 723 nihil
526 704 583 723 habui
601 705 708 729 antiquius,
728 704 775 723 nihil
789 704 895 729 exspectavi
913 704 973 728 magis
987 708 1020 722 eut
1033 703 1132 722 observavi

194 735 316 759 diligentius,
328 741 386 759 quarn
398 740 418 754 ut
431 735 477 754 haec
488 736 512 754 ad
524 740 542 754 te
553 737 659 755 amandum
671 736 813 761 colendumque
828 736 886 754 animi
901 735 938 754 mei
951 735 1055 760 propensio
1067 735 1132 759 aliquo

195 766 232 785 tibi
254 772 294 785 non
314 766 387 791 vulgari
407 770 480 791 pateret
499 767 576 790 officio;
595 768 627 786 sed
642 774 704 786 meam
724 767 883 792 exspectationem
904 767 970 786 fefellit
989 770 1077 789 eventus,
1098 772 1133 784 nec

196 798 237 816 ulla
251 803 344 822 umquam
359 798 403 816 satis
417 802 528 822 opportuna
542 799 635 817 voluntati
650 799 749 823 respondit
764 799 846 817 occasio.
867 799 922 817 Nunc
942 798 999 823 igitur
1019 797 1070 822 quod
1085 797 1132 815 mihi

196 835 207 847 a
223 828 302 847 fortuna
323 829 439 853 denegatur,
458 830 514 848 statui
534 836 544 848 a
559 836 589 848 me
609 830 651 854 ipso
671 830 780 854 impetrare.
803 830 924 848 Praeclarum
944 829 1016 854 aliquid
1030 833 1132 853 praestare,

197 860 280 884 dignum
295 860 382 879 videlicet
397 866 429 883 eay
449 866 506 885 quum
522 865 541 879 tu
556 861 648 883 sustines,
668 867 759 885 persona,
779 861 859 885 dignum
878 865 908 880 tua
924 861 1001 883 virtute,
1021 860 1133 884 cupiebam}

197 897 239 910 non
254 891 313 914 licuit,
327 896 347 910 at
360 892 413 916 quod
427 892 477 914 licet,
491 892 559 911 demus
573 898 661 917 operam,
675 896 697 911 ut
711 893 729 911 id
744 898 891 917 consequamur,
905 892 949 911 licet
963 892 1013 910 enim
1029 895 1079 910 certe
1093 895 1132 910 stu-

196 923 224 941 dii
239 929 285 947 erga
300 926 318 941 te
333 923 369 941 mei
384 923 544 947 significationem
559 924 665 948 quandam,
686 930 725 942 non
741 930 848 948 expressam
863 923 954 946 omnino,
971 923 1004 941 sed
1020 923 1073 947 quasi
1087 922 1132 941 levi-

195 958 226 973 ter
240 954 386 976 adumbratam,
406 955 518 977 ostendere,
534 958 552 973 et
565 961 575 973 e
589 961 661 979 quercu
677 955 733 973 etiam
748 955 866 979 quandoque
884 955 994 979 exculptum
1009 954 1078 979 placet.
1094 960 1132 972 non

196 986 261 1004 modo
273 992 296 1004 ex
307 986 371 1007 ebore.
386 986 516 1004 simulacrum.
531 985 619 1010 Effigiem
636 986 689 1004 dorni
701 986 763 1005 liabeo
775 986 859 1010 parentis
871 986 908 1004 mei
919 986 934 1008 ²,
949 991 1007 1010 quem
1020 985 1054 1004 tibi
1066 991 1132 1008 unum,

195 1023 243 1035 cum
259 1016 347 1035 familiari
367 1017 413 1035 olim
428 1021 463 1035 tuo
478 1021 495 1035 et
510 1017 528 1035 in
543 1023 576 1036 ore
591 1021 609 1035 et
623 1017 643 1035 in
657 1024 723 1036 umore
737 1024 786 1040 esse,
802 1018 861 1036 homo
879 1018 949 1042 insigni
969 1017 1077 1036 eruditione
1092 1023 1132 1035 mo-

194 1049 292 1072 ribusque
306 1047 444 1071 Sanctissimis,
465 1049 551 1067 Andreas
566 1048 658 1067 Patricius
673 1055 713 1067 non
727 1049 785 1067 semel
800 1049 907 1068 affirmavit.
927 1049 974 1074 Ejus
988 1049 1086 1073 exemplar
1100 1055 1132 1067 ve-

192 1079 259 1098 nienti
274 1079 298 1097 nd
312 1083 330 1098 te
345 1079 427 1098 Patricio
441 1079 495 1103 dedi;
514 1080 591 1104 putabis
605 1080 671 1104 igitur,
691 1086 751 1104 quum
766 1084 840 1104 patrem
858 1086 923 1098 meum
938 1079 992 1104 quasi
1012 1083 1132 1104 praesentem

190 1110 299 1135 adspicies,
313 1116 369 1135 agere
384 1115 454 1134 tecum,
470 1115 490 1129 ut
501 1111 563 1129 aditus
575 1111 622 1129 mihi
634 1115 653 1130 et
664 1111 718 1136 quusi
732 1111 782 1130 fores
796 1111 905 1136 aperiantur
919 1111 943 1130 ad
955 1111 1058 1129 amicitiam
1073 1115 1132 1133 tuam,

188 1142 250 1167 quod
265 1142 282 1160 si
299 1148 399 1167 assequor,
419 1142 506 1161 additum
524 1143 548 1160 ad
565 1142 650 1161 fortunas
670 1149 721 1161 ruens
741 1143 849 1161 ornamenti
869 1142 1007 1167 commodique
1027 1142 1132 1166 plurimum

188 1173 320 1193 existimabo,
341 1173 392 1195 Quid
407 1174 458 1191 enim
473 1174 586 1198 speciosius,
601 1174 647 1198 quid
661 1174 685 1192 ad
699 1174 776 1192 laudem
791 1174 918 1198 praestantius
940 1174 1044 1192 omninove
1061 1173 1132 1196 utilius,

185 1211 257 1230 quarn
274 1204 397 1230 Principum.
411 1205 448 1223 hoc
463 1209 491 1223 est
504 1205 532 1223 tui
546 1205 637 1224 similium
652 1205 747 1228 virorum,
766 1205 803 1224 frui
818 1204 963 1224 benevolentia?
983 1209 1040 1229 atque
1055 1205 1091 1223 hoc
1105 1205 1132 1223 vi-

183 1237 230 1256 deo
248 1239 314 1254 totum
330 1241 370 1254 esse
385 1236 470 1260 positum
485 1236 504 1254 in
519 1236 637 1254 humanitate
652 1240 690 1258 tua,
703 1242 761 1261 quam
774 1236 867 1255 Patricius
879 1236 951 1254 serebat
963 1236 981 1254 in
994 1236 1075 1258 coelum,
1088 1241 1132 1254 narn

181 1274 228 1293 ego
247 1267 328 1291 quidem
346 1267 402 1285 nullis
420 1267 476 1291 plane
491 1267 572 1290 meritisy
586 1267 652 1285 animo
667 1271 730 1286 tamen
746 1268 808 1286 adhuc
822 1271 840 1286 te
855 1268 915 1290 colui,
930 1268 962 1286 sed
977 1271 997 1286 ut
1010 1273 1078 1291 spem,
1092 1273 1132 1285 me-

179 1300 226 1319 rita
246 1304 329 1323 quoque
343 1298 439 1317 accedent.
460 1298 563 1317 Conferam
579 1299 629 1317 enim
644 1299 743 1323 ingenium
758 1299 782 1317 ad
797 1303 848 1317 tuam
863 1299 949 1320 laudem.
967 1302 986 1317 et
999 1298 1098 1323 apparebit
1112 1298 1132 1316 in

178 1336 223 1350 tuo
244 1329 338 1352 nomine,
353 1330 473 1353 approbante
488 1330 541 1352 Deo,
561 1336 600 1354 quo
616 1330 663 1349 nihil
677 1331 774 1349 abnuente
791 1329 898 1355 perficitur,
919 1336 969 1354 opus
983 1329 1061 1354 aliquod
1076 1329 1132 1347 indu-

175 1362 252 1382 striae
269 1365 353 1383 nostrae,
367 1361 462 1385 ejusmodi
478 1361 558 1380 fortasse
570 1360 629 1386 (certe
641 1362 676 1380 hoc
689 1361 798 1386 enitemur),
810 1362 862 1386 quod
874 1361 975 1386 posteritas
987 1361 1038 1379 haud
1050 1360 1132 1379 omnino

178 1396 317 1413 contemnat.
333 1392 385 1410 Vale.
400 1392 491 1411 Venetiis.

208 1465 266 1486 876.
376 1465 527 1489 Capitulum
542 1466 713 1485 Cracoviense
727 1467 756 1485 A.
770 1466 936 1486 Zebrzidovio
946 1466 958 1485 ⁴.

785 1513 900 1536 Cracoviae,
915 1514 940 1531 lo
953 1513 1058 1532 Februarii
1073 1513 1131 1531 1560.

257 1549 338 1571 Quibus
358 1548 413 1567 malis
432 1549 451 1568 in
466 1550 500 1568 hac
520 1549 591 1568 diocesi
611 1549 687 1568 Dtionis
702 1549 724 1567 V.
739 1549 762 1567 R.
778 1549 910 1568 Craccviensis
930 1549 1041 1574 quatiuntur
1061 1549 1132 1573 ubique

170 1582 281 1603 rationes
297 1579 396 1604 religionis
409 1586 430 1599 ac
445 1580 489 1599 fidei
504 1580 523 1598 S.
538 1581 648 1604 catholicae,
663 1587 720 1599 nemo
733 1581 795 1599 bonus
807 1587 847 1599 non
859 1581 910 1599 videt
921 1587 965 1599 cum
977 1580 1050 1599 dolore.
1065 1580 1132 1598 Enim-

221 1655 228 1666 ι
256 1654 276 1669 Ρ.
288 1652 355 1668 Manutii
367 1652 473 1672 Epistularum
486 1653 526 1668 libri.
540 1653 607 1673 Lipsiae,
621 1658 665 1673 ¹7⁰7v
676 1657 704 1669 stt>
716 1654 809 1673 ²03-204.

218 1681 228 1692 ²
254 1679 294 1695 Aldi
306 1678 373 1693 Manutii
385 1679 396 1698 †
408 1683 422 1694 ι.
436 1679 479 1697 1515.
491 1680 558 1699 jednego
569 1684 577 1694 1
589 1679 743 1700 nnjznakomitszych
754 1680 759 1695 i
771 1680 915 1700 najslawniejszych
926 1680 1004 1701 drukarzy
1016 1680 1097 1696 wloskiclt.

219 1707 229 1719 ⁵
255 1705 331 1722 Nidecki.
395 1705 402 1716 ⁴
416 1705 463 1721 Liber
474 1705 537 1721 Archivi
549 1705 617 1727 Capituli
629 1706 671 1722 Eccl.
683 1705 724 1722 cnth-
736 1706 785 1724 erac,
796 1706 817 1721 lv
829 1705 922 1728 395—396,
935 1706 1030 1722 500—601.
