1465 2093
540 216 680 231 nemrot-snm
694 217 758 235 mm,
772 217 828 231 amnt.
1113 216 1149 235 293

256 275 302 287 Jam.
323 268 375 291 Quid
390 273 424 292 est,
439 268 458 287 in
473 275 512 293 quo
527 275 557 287 me
571 268 672 288 accusetis?
687 270 733 294 quid
748 273 785 292 est,
800 269 853 294 quod
867 269 921 287 vobis
936 267 1016 293 negem?
1031 268 1072 293 quis
1086 268 1150 293 judex,

256 306 280 319 uo
294 299 406 324 appelletis?
422 300 475 323 Dico,
491 300 538 319 mihi
552 300 612 319 videri
626 301 750 325 appellationi
765 301 829 319 locum
846 307 884 319 non
899 306 945 323 esse,
960 306 1009 325 quae
1023 300 1038 318 si
1052 299 1107 322 absit,
1119 305 1150 318 rne

256 331 282 349 nia
298 335 316 349 et
330 337 379 355 quae
400 331 461 349 debeo
481 331 627 355 praestiturum,
647 336 665 350 et
679 338 728 357 quae
743 338 782 350 nnn
802 332 872 354 debeo,
892 331 974 356 benigne
994 331 1095 349 facturum.
1117 330 1150 349 ula

256 368 263 380 )
277 362 389 386 interposita
404 362 468 381 locum
483 368 523 380 non
537 362 577 381 fore
592 363 653 382 amice
667 363 690 382 de
703 363 783 388 negotiis
798 363 934 382 communibus
948 362 1086 387 componendi,
1100 367 1149 386 quae

269 393 303 412 hoc
318 397 373 418 pacto
389 399 439 412 nunc
454 393 525 412 fuerint
539 394 659 418 composita,
679 394 789 412 habiturum
803 399 934 412 successorem
948 393 1077 418 Episcopum,
1097 393 1150 418 quod

256 425 332 448 lapitulo
350 425 390 449 jure
405 429 486 448 repetat,
507 431 545 443 non
561 429 682 450 reperturum
697 422 807 450 Capitulum
827 425 917 448 rationes,
932 425 1003 450 quibus
1017 425 1036 443 id
1051 424 1150 449 Episcopo

256 456 310 474 eteuti
327 456 368 479 jure
386 462 455 480 negare
470 456 536 480 possit,
551 457 576 474 ita
590 460 609 475 et
622 456 690 481 longas
705 456 745 475 fore
760 456 808 475 inter
822 456 940 481 Episcopum
955 460 973 475 et
987 455 1099 480 Capitulum
1113 454 1149 474 ini-

258 487 307 510 itias,
327 491 345 505 et
359 488 436 506 tandem
452 487 570 512 Episcopum
586 494 649 506 rerum
664 494 705 506 esse
719 488 838 512 potiturum,
852 492 871 506 et
884 487 1031 512 appellationem
1052 487 1106 505 istam
1121 486 1150 505 his

256 518 307 537 nibus
321 518 397 537 initium
412 519 505 537 daturam.
520 519 575 538 Jussu
590 525 609 537 se
624 519 703 538 fratrum
718 519 806 538 omnium
820 519 886 537 dicunt
900 519 967 537 facere.
982 518 1019 537 Hic
1031 524 1074 543 ego,
1088 523 1149 543 quum

256 550 326 568 trahere
346 550 388 568 illos
402 551 425 568 ab
440 550 517 575 incepto
533 556 572 569 non
586 556 674 575 possem,
694 550 764 569 accersi
783 550 841 575 jubeo
856 549 1007 573 Cancellarium,
1027 555 1084 574 quem
1103 553 1149 567 tunc

256 582 296 599 rbus
309 581 397 600 detinuit.
413 581 485 600 Interea
500 582 546 600 dum
561 582 613 600 venit
628 581 763 605 Cancellnrius,
776 581 886 606 vargawski
904 582 996 600 advocato
1008 581 1027 599 in
1039 580 1149 599 cubiculum

256 613 282 631 cio
296 619 334 637 quo
350 613 432 636 rustico,
455 613 488 637 qui
507 613 553 631 mihi
571 613 634 632 lictori
648 617 680 632 aut
694 613 778 632 carnifici
797 613 889 636 similior,
909 619 967 637 quam
981 612 1015 637 qui
1029 618 1068 631 esse
1088 611 1149 630 dictus

256 658 257 663 ,
270 644 347 662 Notario
361 644 470 662 videbatur:
485 644 573 667 Nomrie,
592 644 665 669 inquit,
682 648 700 663 te
714 648 814 669 praesente
834 644 974 668 interponimus
994 643 1149 668 appellan'onem.

256 679 286 698 ῑῐε,
306 675 384 700 inquam
400 682 446 700 ego,
463 680 589 700 posteaquam
604 676 629 694 ita
644 675 733 694 fratribus
748 676 840 694 omnibus
855 675 914 694 videri
929 675 997 694 dicitis.
1020 674 1150 693 Cancellarius

256 712 266 725 n
283 707 354 731 legeret
373 706 534 731 appellationem,
554 706 667 725 maledicam
682 712 722 725 esse
742 706 797 730 dixit,
817 712 856 725 non
871 706 971 731 juridicam
990 705 1149 731 appellationem;

263 744 290 756 me
304 738 356 756 enim
374 738 393 756 in
408 744 429 756 ea
445 738 520 762 probris
535 742 553 756 et
567 738 672 756 maledictis
691 738 791 762 appellari,
811 742 831 756 ut
846 737 878 762 qui
893 742 942 756 esset
960 737 1055 756 Ecclesiae
1069 740 1088 755 et
1101 740 1149 755 tem-

256 775 293 787 rum
307 769 367 787 hostis
382 769 525 792 infestissimus,
543 769 558 788 is
573 775 634 794 neque
655 769 742 793 pluribus
760 775 822 794 neque
841 769 940 794 pejoribus
953 768 1045 793 appellari
1059 767 1150 793 potuerit,

256 806 264 818 n
286 800 377 824 raptoris,
400 800 510 824 spoliatoris
524 804 543 819 et
558 801 675 825 reliquorum
693 800 712 818 id
731 807 792 825 genus
811 800 912 819 infamium
932 800 1034 819 nominum
1053 803 1082 818 tot
1101 805 1150 824 pene

257 836 263 850 t
280 831 428 856 appellationes,
451 832 504 856 quod
519 832 586 850 lineae.
609 832 661 851 Haec
682 838 723 850 mea
738 836 766 850 est
780 832 855 856 injuria.
880 832 920 850 Has
934 836 997 850 autem
1015 837 1051 856 ego
1066 831 1112 849 tales
1126 830 1150 849 R.

256 869 262 881 ε
274 863 412 887 appellationes
426 863 440 881 si
456 863 524 886 merui,
539 863 572 888 qui
587 869 627 881 non
642 863 701 882 modo
716 863 810 881 Ecclesiae
825 863 875 881 illius
890 862 1020 887 possessiones
1034 862 1064 881 vel
1075 861 1150 880 moeni-

268 894 345 917 munivi,
359 894 389 912 vel
400 894 491 916 aedificiis
506 895 579 917 ornavi,
592 894 620 913 vel
633 894 715 919 praediis
728 894 849 918 locupletavi,
863 894 892 912 vel
907 894 985 918 piscinis
1000 897 1018 912 et
1029 893 1087 912 molis
1100 893 1150 915 auxi,

267 926 321 944 etiam
342 929 440 950 praesente
456 925 478 944 V.
494 926 516 943 R.
532 926 584 944 Ptate
603 926 692 944 omnium
710 931 775 944 curam
795 925 922 944 Ecclesiarurn
937 929 956 944 et
972 924 1149 950 propugnationum

256 956 321 975 Senatu
336 956 421 981 suscepi,
441 957 512 981 judicet
526 957 548 975 V.
563 957 586 975 R.
604 957 648 975 Ptas
668 961 686 975 et
705 961 780 981 reputet
800 962 877 979 secum,
896 963 920 975 an
935 956 1001 975 deceat
1015 962 1051 974 nos
1065 956 1088 974 ab
1103 955 1150 978 istis,

256 994 300 1006 ›rum
315 988 437 1012 dignitatem,
457 988 549 1010 salutem,
570 988 656 1007 fortunas
671 988 689 1007 in
704 988 746 1007 luce
764 988 866 1006 hominurn
886 988 1018 1010 defendimus,
1034 991 1051 1006 et
1066 992 1149 1011 quorum

257 1025 274 1037 sa
293 1025 371 1037 omnem
386 1019 404 1037 in
420 1025 454 1037 nos
474 1019 595 1038 acerbitatem
610 1023 628 1038 et
643 1019 734 1038 invidiam
755 1019 857 1038 hominum
877 1019 994 1042 derivamus,
1009 1022 1027 1037 et
1041 1018 1083 1043 qui,
1103 1018 1149 1036 dum

268 1056 301 1074 pro
316 1050 352 1068 illis
366 1050 468 1073 sudamus,
482 1050 534 1069 domi
550 1051 569 1069 in
584 1051 625 1069 otio
640 1051 765 1075 voluptantur
779 1054 797 1069 et
811 1056 877 1069 saccos
891 1050 1002 1073 {nrm-ciunt,
1016 1054 1054 1068 tam
1069 1049 1150 1074 turpiter

258 1081 313 1100 scindi
328 1085 347 1100 et
361 1080 449 1100 lacerari?
467 1085 485 1100 et
499 1088 548 1106 quae
563 1082 582 1100 in
597 1082 653 1100 nobis
667 1082 740 1101 alienae
758 1082 851 1100 dioecesis
865 1082 953 1100 homines
970 1081 1049 1100 laudant
1063 1084 1082 1100 et
1095 1086 1149 1105 prae-

256 1116 287 1134 mt,
301 1112 349 1131 sicut
364 1112 410 1131 mihi
427 1112 531 1131 Cracoviae
543 1117 588 1137 post
598 1113 621 1131 V.
634 1113 656 1132 R.
668 1113 728 1132 Ptatis
740 1113 823 1132 discessu
835 1114 839 1125 ¹
855 1113 930 1138 publice
941 1120 951 1131 a
963 1117 1004 1131 toto
1019 1112 1149 1131 sacrificorum

258 1144 284 1162 ine
299 1148 316 1162 et
330 1143 419 1162 universa
434 1144 538 1162 Academia
548 1144 556 1156 Ἰ
569 1144 640 1163 factum
655 1144 700 1168 fuit,
714 1151 750 1169 pro
764 1145 793 1163 his
807 1145 847 1163 istis
864 1144 933 1163 nostris
948 1144 1031 1167 meritis,
1050 1143 1150 1162 maledicta

256 1175 275 1193 Jis
294 1175 359 1193 referri
374 1175 397 1193 ab
412 1175 441 1193 his
461 1175 581 1198 hominibus,
601 1176 634 1200 qui
650 1182 685 1194 nos
699 1176 729 1194 vel
748 1181 827 1201 propter
847 1176 971 1195 domesticam
989 1175 1150 1194 consuetudinem

256 1206 279 1224 ius
292 1212 365 1229 amare,
385 1206 414 1225 vel
435 1211 514 1231 propter
534 1207 588 1226 Sedis
602 1208 725 1232 Apostolicae
743 1208 846 1232 imperium
861 1212 879 1226 et
893 1208 983 1226 mandatu
1003 1207 1065 1226 colere
1079 1205 1150 1225 debuess

256 1237 272 1255 it!
291 1237 368 1262 Cogitet
388 1244 453 1256 secum
469 1238 491 1256 V.
506 1238 529 1256 R.
544 1238 597 1260 ptus,
618 1245 675 1263 quem
690 1239 737 1257 mihi
751 1239 838 1257 animum
853 1239 876 1257 ad
892 1239 958 1257 eadem
978 1244 1013 1263 pro
1028 1244 1047 1256 se
1061 1237 1150 1256 audenda

256 1268 346 1293 reliquum
361 1273 438 1293 tempus
453 1268 528 1287 faciant.
544 1269 586 1293 Ego
601 1270 660 1293 enim,
675 1270 748 1288 etiamsi
763 1270 821 1289 literis
835 1270 858 1289 V.
874 1270 896 1288 R.
912 1270 971 1288 Ptatis
985 1268 1114 1288 commendati
1126 1268 1150 1287 ad

265 1300 355 1322 venerint,
370 1304 434 1318 tamen
449 1300 525 1319 credere
541 1307 580 1319 non
595 1307 681 1325 possum,
697 1301 742 1320 haec
757 1301 775 1320 in
791 1308 820 1320 me
835 1302 859 1320 ab
871 1301 922 1326 ipsis,
936 1301 1008 1320 sciente
1019 1301 1042 1319 V.
1055 1300 1077 1319 R.
1089 1300 1150 1323 Ptate,

256 1335 323 1355 petrata
339 1337 386 1350 esse.
401 1331 453 1349 Nihil
467 1331 518 1350 enim
533 1332 607 1355 dubito,
622 1332 676 1357 quin,
691 1333 705 1351 si
720 1333 743 1351 V.
759 1333 781 1351 R.
797 1333 840 1351 Ptas
859 1333 928 1351 horum
943 1332 1049 1357 quidquam
1066 1331 1150 1350 subolfe—

257 1366 281 1384 et,
301 1362 403 1387 prudentia
423 1362 465 1380 illos
480 1366 498 1380 et
511 1363 612 1382 autoritate
627 1370 661 1382 sua
675 1364 798 1387 coe‘rcuissess
819 1370 882 1388 neque
899 1370 953 1388 passa
972 1363 1046 1386 fuisset,
1066 1367 1087 1381 ut
1101 1368 1150 1387 quae

256 1399 268 1411 ,e
280 1393 299 1412 in
314 1400 344 1412 me
359 1394 474 1418 cogitarunt,
488 1394 548 1412 verbo
563 1398 581 1412 et
595 1394 648 1413 factis
663 1395 797 1419 exprimerent.
814 1395 872 1418 Quod
887 1395 901 1413 si
916 1401 971 1413 secus
985 1394 1032 1413 mihi
1047 1394 1149 1419 persuade-

256 1430 265 1446 ι,
279 1430 318 1442 non
333 1424 386 1443 facile
401 1424 487 1449 profecto
502 1425 613 1449 adducerer,
628 1430 649 1444 ut
660 1426 684 1444 ad
696 1426 718 1445 V.
733 1433 764 1445 me
779 1426 802 1445 R.
817 1427 891 1445 Ptatem
906 1426 925 1445 in
939 1432 1016 1445 summo
1031 1425 1068 1459 is‘to
1082 1424 1150 1443 dolore

257 1461 330 1479 perem,
350 1456 374 1474 ab
388 1461 448 1480 eaque
467 1456 574 1475 remedium
592 1461 690 1481 peterem;
709 1458 741 1476 sed
757 1458 800 1482 quia
815 1462 833 1476 et
847 1458 918 1482 recipio
933 1464 964 1476 me
978 1457 1059 1476 libenter
1073 1460 1091 1475 et
1105 1459 1150 1480 peto

256 1487 329 1509 edium,
344 1487 420 1511 egregie
434 1491 452 1505 et
466 1487 543 1506 confido
558 1492 576 1506 et
589 1494 646 1512 spero
661 1489 684 1507 de
696 1489 718 1507 V.
735 1489 757 1507 R.
773 1489 832 1512 Ptate,
847 1489 899 1507 illam
913 1489 960 1507 mihi
975 1492 1051 1513 praesto
1065 1487 1150 1506 futuram

256 1518 358 1542 siliumque
372 1518 470 1541 daturam,
492 1524 529 1543 qua
545 1519 618 1537 ratione
633 1519 689 1538 dolor
706 1526 759 1538 meus
774 1520 829 1538 leniri
843 1524 861 1539 et
876 1520 979 1544 indignitas
998 1519 1062 1538 sarciri
1082 1518 1149 1544 possit.

256 1550 274 1568 ›d
289 1549 305 1567 si
320 1549 399 1573 privatis
419 1549 459 1568 istis
472 1550 531 1568 literis
545 1550 568 1568 ab
584 1550 606 1568 R.
622 1550 675 1569 Ptate
689 1550 712 1569 V.
727 1557 766 1569 non
784 1551 877 1575 impetro,
895 1555 936 1569 tum
950 1551 1053 1575 implorato
1074 1550 1150 1575 publice

256 1587 276 1599 us
289 1580 356 1599 officio
371 1584 390 1598 et
403 1581 515 1604 autoritate,
533 1587 590 1606 quam
606 1581 653 1600 mihi
667 1581 764 1606 Episcopo
779 1588 847 1606 negare
862 1588 901 1600 non
916 1582 997 1606 poterit,
1015 1582 1116 1606 delataque
1131 1587 1150 1600 re

256 1618 307 1630 neos
328 1612 455 1636 necessarios,
476 1618 559 1637 quorum
574 1612 629 1637 copia
648 1618 687 1631 non
702 1613 758 1637 plane
773 1608 875 1636 destituor,
889 1613 974 1632 adhibita
994 1613 1051 1632 etiam
1066 1613 1090 1631 ad
1105 1619 1149 1631 con-

258 1649 278 1661 m
300 1643 389 1661 universa
404 1642 513 1668 Cujaviensi
528 1644 642 1667 Nobilitate,
657 1650 705 1668 quae
725 1650 744 1663 se
759 1644 806 1663 mihi
827 1650 878 1663 nunc
895 1643 1010 1663 discessione
1024 1644 1059 1663 ista
1073 1650 1116 1663 mea
1130 1643 1150 1662 in

276 1711 333 1727 Mense
345 1710 428 1726 Decembri
443 1710 486 1727 1550.
550 1711 556 1722 ²
572 1711 676 1728 Universiuue
688 1712 793 1729 cracoviensi.
