1465 2093
496 216 637 231 nmsromnuu
649 217 713 235 mm,
726 216 833 230 Amvmmxx.
1094 211 1129 235 533

199 267 342 286 haereticorum
356 271 405 286 artes
420 268 439 286 in
454 268 488 286 ista
503 268 601 292 provincia
615 268 685 290 libere,
700 274 723 286 ne
737 268 799 286 dicam
814 268 892 287 licenter
906 268 1024 293 turpiterque
1044 268 1131 292 grassari.

198 299 245 317 Peto
265 298 323 323 igitur
337 299 370 317 abs
385 303 403 317 te
418 299 474 317 etiam
489 303 546 323 atque
561 299 617 318 etiarn
638 299 772 321 vehementer,
791 303 810 318 ut
825 299 937 317 auctoritate
952 303 983 318 tua
998 299 1070 324 aliquid
1090 304 1131 317 tan-

198 331 242 349 dem
259 330 346 349 effectum
365 334 460 355 praestes,
480 331 498 349 in
514 337 552 355 quo
567 335 585 349 et
600 330 661 356 Regni
676 330 729 349 istius
744 330 883 348 Florentissimi
903 330 969 355 religio
984 330 1035 355 juxta
1055 335 1130 355 patrum

197 365 309 380 nostrorum
325 365 397 380 veteres
411 366 536 386 receptosque
552 362 609 384 ritus,
629 366 647 380 et
661 361 747 380 instituta
761 361 884 380 Sacrosancta
899 361 1012 384 instaurata,
1030 365 1048 380 et
1062 362 1131 386 impio-

197 399 240 411 rum
256 392 395 411 haereticorum
411 393 485 411 licentia
500 393 524 411 ita
539 393 596 411 fracta
617 393 746 417 castigansque
766 397 865 417 appareat,
885 397 905 411 ut
921 392 967 411 nihil
982 392 1030 410 ultra
1050 399 1131 411 ausuros

197 424 240 442 illos
255 430 331 448 sperare
353 424 408 448 plane
424 424 526 448 possimus.
547 424 601 445 Vale.
616 430 686 448 meque
706 424 831 442 Serenissimo
846 424 894 448 Regi
909 423 1012 448 plurimum
1033 430 1131 442 commen-

197 455 251 473 dato.
268 455 336 478 Roma,
351 455 375 473 x{
391 455 458 473 Kalen.
473 455 518 480 Maii
536 456 589 478 1554.
859 455 861 457 ’

221 522 269 541 859.
571 523 646 542 Idem
660 523 745 542 eidem
758 523 767 542 ¹.

881 565 963 587 Romae,
979 566 991 583 8
1005 565 1060 583 Junii
1075 566 1130 583 15:5⁴.

261 597 292 615 Ad
306 596 348 615 XVI
365 596 459 615 Calendas
473 596 538 614 lunias
553 596 615 614 literas
630 600 671 614 tuas
685 596 759 620 accepi,
777 596 796 613 in
811 596 881 620 quibus
895 602 905 613 a
920 602 951 614 me
966 596 1019 620 petis,
1039 600 1060 614 ut
1074 602 1131 620 quae<

194 634 276 652 cunque
291 627 352 646 Lucas
366 627 456 649 Podoski,
471 627 587 646 Secretarius
603 627 679 651 Regius,
694 627 740 645 mihi
755 631 788 645 tuo
804 627 882 645 nomine
898 627 1001 650 nunciabit,
1016 627 1041 645 ita
1055 627 1130 646 credam

194 659 265 677 omnia
284 659 348 683 itaque
363 665 437 682 curem,
458 663 479 677 ut
492 659 507 677 si
521 663 541 677 tu
557 665 578 677 ca
593 665 603 677 a
618 665 648 677 me
664 662 762 683 praesente
782 664 871 683 praesens
892 659 1003 683 postulares.
1029 658 1071 683 Ego
1086 664 1131 676 vero

194 690 230 709 tibi
245 690 344 715 polliceor,
359 696 417 714 quum
433 690 448 708 is
463 690 571 713 advenerit,
586 697 616 709 me
631 690 680 708 bona
696 689 733 708 fide
748 693 897 714 praestaturum,
918 694 938 708 ut
952 696 995 708 cum
1011 690 1029 708 in
1045 690 1131 714 negotio-

196 727 241 740 rum
257 725 334 740 tuorum
349 721 484 745 procuratione
499 721 559 740 Lucas
578 721 681 745 intelligatj,
697 725 714 739 te
728 727 738 739 a
753 727 783 739 me
798 720 878 739 mirifice
897 721 950 745 diligi
969 720 1048 745 fierique
1063 721 1131 739 merito

196 752 289 777 plurimi,
309 756 349 770 tum
364 758 409 770 vero
423 758 443 771 se
458 756 489 771 tua
504 758 560 771 causa
575 752 599 770 ita
614 752 660 770 mihi
676 758 741 770 carum
761 758 801 770 esse
821 756 878 776 atque
895 752 1010 776 jucundum,
1031 756 1051 770 ιιι
1064 752 1079 770 si
1094 752 1131 776 jam

196 784 274 808 pridem
289 783 336 802 mihi
350 789 425 802 summa
445 784 508 808 aliqua
528 783 665 808 conjunctione
684 787 742 807 atque
763 783 831 801 officiis
848 783 962 808 conjunctus
976 783 1047 801 fuisset.
1074 783 1132 805 Quod

196 815 252 839 cupis
267 815 290 833 de
305 815 466 833 monasteriorum
486 821 537 837 cura,
558 818 578 833 ut
593 815 625 833 tibi
640 815 774 837 demandetur,
794 815 832 838 jam
847 815 930 837 dudum,
944 815 990 839 quid
1006 814 1046 833 fleri
1061 818 1132 839 posset,

197 846 270 871 quidve
285 852 315 864 me
330 846 349 864 in
364 852 386 864 ea
400 852 419 864 re
434 850 583 865 consecuturum
598 852 701 870 sperarem,
717 846 817 870 diligenter
832 846 855 864 ad
869 850 887 864 te
902 846 1063 870 perscripseram;
1082 852 1133 864 nunc

197 883 244 895 vero
259 877 306 901 quid
321 881 384 895 actum
399 877 429 899 sit,
444 877 495 895 malo
510 881 528 895 te
543 883 564 895 ex
579 877 621 901 ipso
637 876 735 895 l'ontificis
750 877 862 901 diplomate,
881 877 933 901 quod
948 877 1036 895 Titinius
1051 881 1094 895 tuus
1108 877 1133 895 ad

196 912 216 927 te
230 908 289 930 misit,
309 914 366 933 quam
382 914 404 927 ex
419 908 466 926 meis
485 908 544 927 literis
558 914 680 932 cognoscere.
705 908 749 926 Non
764 908 814 926 enim
836 908 882 926 mihi
898 908 916 926 in
931 914 950 926 re
965 912 1003 926 tam
1021 908 1076 926 anxie
1090 914 1100 926 a
1115 912 1132 926 te

197 943 279 964 propter
292 939 388 964 publicam
404 939 504 958 utilitatem
519 939 582 963 cupita
598 939 735 963 quiescendum
751 939 803 962 duxi,
818 939 854 958 nisi
866 940 919 964 prius
930 946 952 958 ex
963 940 1056 958 sententia
1068 944 1132 958 nostra

198 970 302 989 commode
317 970 427 989 confectum
442 970 541 995 negotium
557 974 612 989 esset.
628 970 676 989 Illud
690 977 721 989 me
735 971 858 989 vehementer
872 971 933 995 angit,
947 971 1000 995 quod
1014 971 1061 989 nihil
1075 977 1085 989 a
1101 977 1131 989 me

197 1002 297 1020 literarum
317 1001 354 1025 jam
369 1007 391 1020 cx
405 1008 428 1020 eo
442 1006 530 1025 ternpore
545 1005 562 1020 te
576 1001 671 1026 accepisse
691 1001 769 1024 scribis;
789 1008 828 1026 quo
848 1001 938 1020 confectis
958 1001 1022 1026 Regiis
1043 1002 1131 1026 nuptiis2

198 1033 363 1057 Archiepiscopus
378 1033 484 1051 Theatinus
495 1033 501 1044 ²¹
515 1033 539 1051 ad
555 1039 588 1051 nos
603 1033 667 1056 rediit,
688 1033 720 1057 qui
735 1033 782 1051 mihi
797 1033 831 1051 abs
846 1037 864 1051 te
879 1033 977 1057 egregium
997 1033 1076 1057 pellium
1091 1039 1132 1051 mu-

200 1070 236 1082 nus
249 1064 318 1082 attulit.
332 1064 375 1088 Ego
389 1070 435 1082 vero
449 1064 512 1083 statim
528 1064 552 1082 ad
565 1068 583 1082 te
598 1064 739 1088 rescripseram,
754 1068 772 1082 et
787 1064 821 1082 tibi
836 1065 860 1082 de
875 1070 954 1083 munere
968 1064 1037 1088 gratias
1049 1070 1132 1089 egeram,
1152 1077 1154 1079 -

198 1100 281 1119 quatum
295 1094 393 1113 literarum
409 1095 519 1119 exemplum
534 1095 618 1119 itemque
633 1101 707 1118 earum,
727 1101 774 1119 quas
789 1099 854 1120 postea
874 1095 952 1113 diversis
971 1095 1092 1120 temporibus
1106 1096 1130 1113 ad

197 1130 216 1144 te
230 1125 283 1149 dedi,
297 1126 360 1144 curavi
374 1126 398 1144 ad
413 1130 431 1144 te
446 1132 480 1150 per
493 1126 592 1144 Ticinium
607 1126 749 1150 perferendum,
764 1130 785 1144 ut
798 1126 854 1151 plane
869 1126 990 1150 intelligeres,
1007 1132 1037 1144 me
1052 1126 1071 1144 in
1086 1126 1130 1144 scri-

197 1157 263 1175 bendo
277 1157 381 1181 impigrum
396 1163 443 1180 esse,
458 1157 570 1182 praesertim
585 1157 609 1175 ad
624 1164 663 1180 ens,
679 1163 762 1181 quorum
778 1157 824 1176 mihi
839 1158 992 1176 benevolentiam
1004 1163 1081 1176 summo
1093 1161 1132 1176 stu-

198 1188 231 1207 dio
245 1188 339 1212 omnique
353 1188 419 1207 officio
433 1188 474 1212 jure
489 1188 564 1213 optimo
579 1188 697 1207 retinendam
713 1189 905 1213 conservandamque
920 1195 960 1207 esse
975 1189 1037 1207 statui.
1055 1189 1083 1207 De
1097 1191 1132 1207 Ar-

197 1219 333 1238 chidiaconatu
352 1219 447 1238 Ecclesiae
462 1223 512 1242 tuae,
531 1220 546 1238 si
561 1220 608 1244 quid
628 1219 658 1238 hic
678 1220 729 1243 apud
750 1226 785 1238 n-s
806 1220 890 1244 Philippi
910 1220 1028 1239 adversarius
1048 1220 1134 1243 tentabit,

198 1251 250 1269 dabo
265 1256 352 1275 operam,
372 1255 393 1269 ut
406 1255 480 1275 praeter
495 1251 524 1275 jus
539 1255 557 1269 et
571 1256 654 1275 aequum
675 1251 721 1269 nihil
736 1257 773 1269 con
785 1255 878 1276 equatur3
899 1252 952 1276 quod
967 1251 1017 1270 enirn
1033 1251 1067 1269 tibi
1082 1251 1133 1269 aliud

199 1282 219 1300 in
235 1288 257 1300 ea
272 1287 292 1300 re
307 1282 403 1306 pollicear,
418 1288 457 1300 non
473 1282 541 1305 habeo,
556 1282 590 1300 tibi
605 1286 655 1301 certe
669 1288 700 1300 me
714 1282 845 1301 satil‘acturum
860 1289 900 1301 csse
915 1289 978 1307 spero,
992 1283 1007 1301 si
1021 1283 1046 1301 ita
1061 1282 1132 1306 Philip-

198 1319 245 1337 pum
258 1317 312 1331 tuear
323 1317 381 1337 atque
395 1313 503 1334 defendam.
518 1317 539 1331 ut
553 1314 582 1338 jus
596 1320 652 1332 suum
667 1319 725 1338 quam
741 1314 822 1332 minimo
837 1314 878 1332 fieri
893 1318 956 1338 potest
970 1318 1055 1338 sumptu,
1071 1314 1131 1332 brevi-

198 1350 236 1369 que
250 1348 339 1369 tempore
353 1344 440 1363 obtinere
454 1344 589 1368 possitsQuia
604 1345 628 1363 ad
643 1351 678 1362 nos
693 1345 779 1369 quotidie
794 1345 899 1363 afferuntur
919 1345 977 1364 multa
991 1346 1014 1364 de
1029 1345 1133 1364 haeretico-

198 1381 242 1394 rum
257 1375 313 1394 istinc
333 1380 429 1394 crescente
449 1375 528 1394 audacia
547 1380 604 1400 atque
621 1376 705 1399 licentia,
726 1380 744 1394 et
759 1377 871 1401 praesertim
885 1376 905 1395 in
920 1377 1003 1395 Ecclesia
1018 1381 1049 1395 tua
1064 1376 1133 1395 Craco-

198 1406 269 1429 viensi,
290 1406 323 1425 ubi
337 1407 417 1431 impune
431 1407 469 1431 jam
484 1407 576 1425 omnibus
590 1407 729 1426 haereticorum
745 1413 798 1426 more
813 1408 883 1430 vivere,
897 1414 1002 1432 eorumque
1017 1408 1100 1426 insanias
1115 1408 1133 1426 in

198 1438 269 1462 vulgus
283 1444 378 1462 spargere,
397 1438 457 1456 libros
471 1438 527 1456 etiam
543 1438 619 1462 publice
634 1438 703 1463 legere,
717 1442 735 1457 et
750 1439 803 1463 quod
821 1442 878 1463 caput
892 1443 928 1461 est,
948 1439 967 1457 in
982 1439 1078 1463 parochiis
1092 1439 1133 1457 illo-

199 1474 242 1487 rum
258 1469 350 1493 dogmata
364 1469 388 1487 de
402 1473 493 1494 suggestu
509 1469 611 1488 defendere
625 1473 643 1488 et
657 1470 726 1488 docere
740 1470 792 1493 licet,
808 1474 825 1488 te
839 1470 915 1488 interim
930 1470 968 1488 ruri
983 1474 1056 1494 agente,
1076 1474 1133 1494 atque

200 1499 221 1518 in
232 1503 286 1518 tanta
301 1499 344 1518 fidei
360 1500 496 1525 religionisque
511 1501 655 1525 perturbatione
669 1501 795 1519 connivente:
810 1501 871 1519 visum
887 1505 915 1519 est
926 1501 949 1519 ad
962 1505 979 1519 te
991 1501 1079 1523 scribere,
1094 1507 1133 1519 non

198 1537 242 1550 esse
257 1531 275 1549 id
291 1531 347 1550 amici
362 1531 440 1556 verique
455 1531 537 1550 Pastoris
552 1538 629 1555 munus,
644 1532 689 1550 dum
705 1538 750 1550 oves
765 1532 871 1553 intereunt,
891 1532 937 1550 durn
952 1532 1033 1551 maxime
1049 1532 1134 1556 indigent

195 1568 242 1587 ope,
264 1568 296 1581 eas
310 1563 364 1587 quasi
382 1569 417 1587 pro
436 1563 530 1582 derelictis
551 1563 627 1581 habere.
653 1563 716 1586 Quare
731 1570 766 1582 oro
780 1568 805 1586 te,
826 1563 939 1582 Cracoviarn
954 1563 1003 1585 redi,
1023 1563 1133 1587 praesertim

194 1594 244 1613 dum
262 1593 302 1612 Rex
317 1594 379 1617 abest,
400 1600 423 1612 ne
437 1600 481 1612 sero
496 1598 562 1619 postea
577 1600 623 1613 oves
641 1594 733 1619 requiras,
755 1600 814 1619 quum
836 1595 899 1613 nullae
914 1598 974 1613 erunt.
998 1595 1049 1613 Vale.
1065 1595 1134 1618 Roma,

194 1625 222 1644 Vt
237 1625 284 1644 ldus
298 1625 350 1643 Junii
367 1626 421 1649 1554.

230 1683 235 1693 ¹
260 1682 311 1697 Latini
324 1682 381 1697 Latinii
393 1682 478 1702 Epistulae,
489 1683 494 1697 l
507 1683 573 1702 23--24.

227 1709 236 1719 ²
262 1708 360 1728 Sigismundi
370 1708 437 1728 Augusti
453 1713 489 1724 cum
505 1708 588 1724 catharina
603 1709 684 1724 Ausuiaca
696 1714 709 1724 a.
724 1709 767 1724 1553.
831 1710 838 1720 ²
853 1709 901 1725 Marc.
916 1710 950 1725 Ant.
963 1709 1055 1729 Maphaeus,
1069 1709 1088 1725 cf.
1100 1709 1135 1724 815.
