1465 2093
574 208 714 222 urs-romam(
727 208 789 226 mm,
803 208 859 222 unu.
1144 208 1181 227 297

257 260 357 284 ’igidiores
374 264 428 282 sunt,
448 266 505 284 quam
521 264 542 278 ut
556 265 667 284 quenquam
688 263 766 284 possent
786 259 885 282 calfacere,
904 263 968 278 tamen
983 260 1088 278 verendum
1107 263 1144 282 est,
1159 265 1182 278 ne

257 291 324 315 ’igidas
338 291 445 316 protulerit,
460 291 506 309 dum
522 297 574 309 veras
588 295 620 309 aut
635 297 674 310 non
689 291 729 309 vult
746 295 779 309 aut
794 297 833 309 non
847 291 910 310 audet.
931 291 1017 315 Podagra
1032 291 1115 309 Romani
1130 291 1181 309 Pon-

259 321 318 340 ficis'
333 322 474 346 expeditionem
490 325 575 340 nostram
591 322 688 340 immorari
704 328 743 340 non
758 325 830 346 potest,
850 328 894 340 nam
909 328 942 341 eae
956 328 986 341 res
1000 322 1120 341 autoritatem
1141 326 1181 340 tan-

257 359 285 371 1rn
301 353 342 378 ejus
356 353 462 377 requirunt,
476 353 606 371 valetudinem
621 359 660 371 non
676 353 787 377 requirunt,
810 353 902 371 autoritas
916 359 962 371 vero
977 353 1041 377 ipsius,
1057 353 1075 371 in
1088 354 1110 372 iis
1125 359 1179 377 prae-

257 384 309 403 ertim
326 385 388 408 rebus,
404 390 444 402 non
459 384 508 403 sicut
522 384 611 403 valetudo
623 384 642 402 in
659 384 701 408 ipso
716 390 756 402 uno
771 384 867 407 conclusa,
881 385 919 404 sedx
927 384 946 403 in
961 385 1082 409 magistratus
1097 385 1182 409 reliquos

257 421 260 434 :
276 415 387 434 Praefectos
401 415 530 434 Cancellariae
544 421 608 440 sparsa
623 419 656 433 est.
677 415 738 440 Magis
752 415 800 433 seria
814 415 867 434 illum
882 415 912 434 vel
927 421 971 440 prae
993 415 1062 434 nostris
1081 415 1132 434 nulla
1147 421 1182 440 pu-

257 452 290 470 tre,
305 447 336 465 vel
350 447 365 465 si
379 450 442 471 putat,
462 452 483 465 ea
498 452 544 471 prae
558 446 681 465 valetitudine
696 450 776 465 tractare
791 452 829 465 non
844 452 901 471 posse
915 446 1016 470 existimo;
1036 446 1103 465 caritas
1117 450 1181 465 autem

257 484 316 500 :run-i,
331 484 380 502 quae
395 478 469 496 Rornae
483 477 547 502 vigere
561 477 640 500 dicitur,
656 484 694 496 non
709 477 775 500 video,
794 477 839 502 quid
854 477 945 496 celeritati
960 477 1088 502 expeditionis
1107 477 1181 496 incom-

257 509 319 532 iodet,
333 515 394 533 quum
408 513 484 528 nostros
499 509 563 533 potius
578 509 686 527 exstimulet
700 509 724 527 ud
735 509 837 533 petendam
852 508 1017 527 accelerationem.
1029 508 1109 527 'rexisse
1123 508 1182 533 igitur

259 540 318 565 iquid
333 544 352 558 et
364 540 462 564 operuisse
477 540 537 565 magis
552 540 631 562 videtur,
647 540 737 564 expositis
752 540 780 559 liis
795 540 863 563 causis,
877 546 936 564 quam
950 546 990 558 rem
1005 540 1067 564 ipsam
1082 540 1180 559 indicasse.

257 571 305 593 [uod
326 577 387 595 quum
402 571 427 589 ita
441 571 474 594 sit,
496 575 552 595 turpe
569 577 610 589 esse
624 577 669 589 sane
687 571 787 594 ducerem,
810 571 852 595 plus
873 577 983 596 quenquam
999 571 1018 589 in
1033 572 1089 590 rebus
1111 571 1182 590 nostris

257 602 366 621 :volvendis
380 608 436 621 curae
451 606 470 621 et
483 608 554 627 operae
568 608 653 624 sumere,
673 608 731 626 quam
747 608 781 620 nos
796 602 847 626 ipsos
862 602 880 620 in
895 602 964 620 iisdem
983 602 1102 621 evolvendis:
1123 608 1181 627 quare

257 640 266 652 a
284 640 322 652 nos
336 633 393 653 fortes
407 637 426 652 et
440 638 559 657 constantes,
579 638 598 652 et
613 637 633 652 ut
647 633 709 652 dicam
727 633 811 657 planius,
831 633 856 652 ita
874 639 951 652 securus
969 634 1105 658 praebeamus,
1119 637 1141 652 ut
1154 637 1181 652 ta-

257 671 288 683 len
303 665 387 683 vanitate
402 671 437 683 nos
452 665 553 683 hominurn
573 665 616 683 duci
631 668 650 683 et
664 664 720 683 rideri
740 671 779 683 non
797 664 898 689 patiamur.
919 665 963 683 Non
983 665 1028 683 satis
1047 669 1075 683 est
1091 670 1179 683 securum

257 702 294 719 5se,
310 696 347 714 nisi
362 696 432 721 probes
447 696 566 719 hominibus,
580 700 598 714 te
613 696 638 714 itu
653 696 679 714 rei
694 700 737 714 tuae
751 696 838 719 studere,
853 700 874 714 ut
888 696 957 714 merito
977 701 1054 714 securus
1069 702 1109 714 esse
1124 702 1181 720 posse

260 727 332 746 deeris.
353 729 403 752 Agat
416 727 475 752 igitur
493 733 537 746 cum
552 727 574 746 R.
589 727 648 746 Mtate
662 727 684 745 V.
700 727 722 745 R.
743 727 795 750 Dtio,
810 727 899 746 Romano
918 727 1005 746 Pontifici
1024 727 1124 752 negotium
1145 733 1180 746 no-

259 765 305 777 rum
321 758 390 777 iterum
405 763 426 777 ut
440 759 569 781 commendet,
584 762 700 783 nostrosque
715 758 800 783 expediri
815 758 852 777 cito
867 758 960 783 postulet,
975 758 1027 778 nulla
1041 758 1121 777 aliarum
1136 764 1179 777 sua-

257 796 287 808 im
302 789 411 813 literarum,
430 790 445 808 si
460 796 508 814 quae
522 789 571 808 forte
585 790 636 814 apud
651 790 713 814 ipsum
734 789 819 814 prolatae
834 794 905 813 essent,
925 789 989 808 habita
1006 790 1087 808 ratione.
1110 790 1129 808 ld
1145 796 1181 814 ego

257 821 308 839 idere
323 821 390 839 videor
404 827 444 839 esse
459 821 629 845 pernecessarium,
644 827 683 839 non
698 821 721 839 ad
737 827 771 839 nos
785 821 863 845 quidem
878 820 1029 844 confirmandos,
1043 821 1076 840 sed
1088 821 1112 840 ad
1126 827 1180 846 spem

257 852 318 870 'tutius
331 852 412 870 vexandi
428 852 487 870 nostri
501 852 614 871 adversariis
628 852 782 876 praecidendam.
801 852 822 870 ld
836 856 857 870 ut
871 858 927 870 curae
942 852 964 870 V.
980 852 1002 870 R.
1017 852 1069 874 Dtio,
1084 858 1133 877 quae
1148 852 1179 870 ist-

258 883 274 901 ic
290 889 380 907 praesens
394 887 428 906 est,
443 883 518 906 habeat,
533 889 616 907 aequum
631 887 665 901 est.
686 883 796 901 Sementem
811 883 830 901 in
845 883 928 908 praediis
942 883 1047 901 llzensibus
1057 882 1069 905 ²,
1087 883 1140 907 quod
1154 883 1179 901 itu

257 920 306 933 icere
318 914 439 933 constituerit
450 915 472 933 V.
486 915 508 933 R.
520 915 572 938 Dtio,
586 915 634 933 sicut
648 914 719 937 scribit,
735 915 783 933 bene
795 918 831 937 est,
846 914 893 932 nihil
905 914 980 937 dubito,
993 914 1046 939 quin,
1058 914 1072 932 si
1085 914 1177 938 quemad-

257 946 325 964 nodum
345 946 376 964 illa
394 945 441 964 mihi
456 950 474 964 et
488 952 524 970 ego
539 945 561 964 R.
577 946 620 964 Dno
635 945 745 970 Cujaviensi
760 945 859 970 designato
869 945 876 957 ³¹
890 945 951 964 facere
965 945 1061 968 constitui,
1075 945 1107 963 ille
1121 945 1178 963 etiam

257 976 269 995 V.
283 977 305 995 R.
321 976 386 995 Dtioni
401 976 472 999 fecerit,
487 982 542 1001 agros
557 977 605 995 bene
620 977 704 995 consitos
719 976 843 995 Chelmenses
858 976 945 995 habitura
959 976 983 995 sit
995 976 1017 994 V.
1030 976 1052 994 R.
1068 976 1119 998 Dtio,
1132 982 1176 994 nam

257 1014 283 1032 :go
296 1008 434 1032 Episcopatum
449 1007 585 1033 Cujaviensem
600 1008 624 1026 ita
639 1008 704 1031 trado,
725 1012 745 1026 ut
759 1011 803 1026 ante
817 1012 848 1025 me
862 1007 882 1025 in
896 1011 972 1026 centum
990 1007 1031 1025 istis
1045 1007 1100 1025 annis
1120 1013 1178 1025 nemo

257 1039 335 1058 nehus&
351 1039 422 1058 Datum
437 1039 548 1062 Volboriae,
563 1039 597 1057 Xll
612 1039 711 1057 Februarii
727 1038 797 1057 MDLl.

277 1140 315 1160 583.
409 1141 505 1160 Joanni
519 1141 686 1162 Lutomirski,
701 1141 846 1160 castellano
861 1141 1015 1160 Bresinensi,

842 1193 951 1215 Volboriae,
966 1194 989 1211 13
1003 1193 1108 1212 Februarii
1122 1194 1177 1212 1551.

308 1235 335 1253 De
350 1234 439 1259 erigenda
456 1240 529 1253 camera
544 1234 615 1253 telonei
630 1234 649 1252 in
661 1234 735 1259 oppido
750 1240 794 1253 meo
806 1234 927 1253 Volboriensi
943 1235 1022 1253 memini
1034 1241 1064 1254 me
1077 1234 1100 1253 V.
1112 1234 1177 1253 Drioni

257 1263 294 1284 olim
304 1267 310 1278 ⁵
328 1266 425 1291 scripsisse
445 1266 541 1290 verbaque
556 1266 596 1290 ipsa
611 1272 660 1290 pene
676 1265 760 1290 rescripti
779 1266 866 1289 memini3
887 1272 938 1284 nunc
952 1270 970 1285 et
984 1266 1057 1285 decedo
1077 1266 1121 1284 hinc
1136 1265 1178 1290 qui-

257 1293 297 1319 Jern,
310 1301 327 1315 et
338 1297 361 1315 R.
375 1297 428 1315 Mtati
443 1303 519 1321 semper
534 1296 630 1315 fructuum
645 1301 701 1321 atque
716 1301 845 1321 proventuum
860 1297 988 1315 accessionem
1003 1297 1063 1319 faveo,
1078 1297 1178 1322 permitto-

257 1329 293 1349 lue.
311 1332 405 1352 quantum
419 1327 438 1346 in
454 1334 484 1346 me
499 1332 535 1349 est,
556 1327 602 1352 erigi
617 1328 665 1346 hanc
684 1334 784 1346 cameram.
811 1328 858 1346 lllud
880 1332 943 1346 tan-len
959 1328 981 1346 V.
997 1328 1063 1347 Dtioni
1083 1327 1178 1353 significo,

257 1360 287 1375 {sse
307 1359 349 1378 huic
369 1359 443 1383 oppidu
465 1359 583 1383 amplissima
603 1359 703 1383 Privilegia
726 1359 847 1382 libertatum,
869 1365 929 1384 quae,
952 1359 967 1377 si
987 1365 1085 1378 successor
1107 1359 1179 1378 nieus³

257 1388 297 1408 'Olet
314 1391 372 1413 tueri,
390 1396 465 1412 vereor,
486 1396 508 1408 ne
528 1394 546 1408 et
565 1390 587 1408 V.
605 1390 680 1408 Dtionis
700 1390 777 1409 conatui
792 1394 810 1409 et
824 1390 948 1415 promissioni
969 1397 1022 1409 meae
1039 1397 1079 1409 non
1099 1396 1177 1415 respon-

257 1416 291 1438 ¹0=³t
307 1421 393 1444 effeetus,
414 1427 460 1439 narn
480 1425 498 1440 et
517 1425 560 1439 ante
583 1425 653 1440 tentata
676 1427 706 1440 res
726 1425 754 1440 est
773 1421 883 1446 aliquoties,
907 1422 941 1440 sed
963 1422 1064 1440 succedere
1087 1428 1125 1440 uon
1143 1428 1178 1446 po-

257 1449 288 1469 uit,
308 1452 360 1471 Haec
380 1452 406 1471 ita
426 1453 448 1471 V.
468 1452 536 1471 Dtioni
555 1452 679 1477 significanda
700 1453 754 1476 duxi,
775 1457 796 1471 ut
815 1457 858 1471 ante
879 1453 927 1471 bene
947 1453 1025 1477 cogitet,
1048 1453 1094 1477 quid
1114 1452 1177 1476 saciat,

257 1483 302 1513 {uam
315 1485 339 1502 ad
353 1490 403 1508 opus
417 1490 437 1502 se
452 1484 542 1508 accingat.
561 1484 602 1508 Ego
616 1484 664 1503 sicut
678 1484 723 1507 dixi,
738 1484 785 1502 nihil
799 1484 870 1507 abnuo,
891 1484 938 1508 quin
955 1483 993 1502 fiat.
1008 1484 1121 1507 Volboriae,
1135 1483 1177 1502 xm

257 1512 350 1534 februarii.

306 1619 341 1634 Julii
353 1620 378 1636 111.

283 1618 287 1629 t

281 1644 287 1655 ²
305 1646 335 1661 1122
345 1651 361 1660 w
372 1645 433 1664 wojew.
444 1645 590 1663 sandomierskiem,
602 1646 687 1665 majetnos‘e
700 1646 784 1666 binkupdw
796 1645 911 1661 krakowskich.

281 1670 286 1681 ¹
304 1671 317 1687 J.
328 1671 445 1691 Drohujewski.
508 1672 515 1682 ⁴
530 1671 553 1687 Cf.
564 1671 600 1687 631.

281 1696 287 1706 ¹
306 1697 329 1713 Cf.
342 1697 376 1717 5¹4.

308 1733 562 1750 mmmmmur.
1056 1723 1079 1747 3⁸
