<?xml version="1.0" encoding="UTF-8"?>
<!DOCTYPE html PUBLIC "-//W3C//DTD XHTML 1.0 Transitional//EN"
    "http://www.w3.org/TR/xhtml1/DTD/xhtml1-transitional.dtd">
<html xmlns="http://www.w3.org/1999/xhtml" xml:lang="en" lang="en">
 <head>
  <title>
</title>
<meta http-equiv="Content-Type" content="text/html;charset=utf-8" />
  <meta name='ocr-system' content='tesseract 3.04.00' />
  <meta name='ocr-capabilities' content='ocr_page ocr_carea ocr_par ocr_line ocrx_word'/>
</head>
<body>
  <div class='ocr_page' id='page_1' title='image "actahistoricare06ulangoog_0444.png"; bbox 0 0 1465 2093; ppageno 0'>
   <div class='ocr_carea' id='block_1_1' title="bbox 514 209 1129 229">
    <p class='ocr_par' dir='ltr' id='par_1_1' title="bbox 514 209 1129 229">
     <span class='ocr_line' id='line_1_1' title="bbox 514 209 1129 229; baseline 0.002 -6"><span class='ocrx_word' id='word_1_1' title='bbox 514 209 653 224; x_wconf 69' lang='lat' dir='ltr'>Emsm11Anunt</span> <span class='ocrx_word' id='word_1_2' title='bbox 668 210 728 226; x_wconf 75' lang='lat' dir='ltr'>mum,</span> <span class='ocrx_word' id='word_1_3' title='bbox 743 210 807 224; x_wconf 73' lang='lat' dir='ltr'>nmml.</span> <span class='ocrx_word' id='word_1_4' title='bbox 1091 210 1129 229; x_wconf 73' lang='lat'>403</span> 
     </span>
    </p>
   </div>
   <div class='ocr_carea' id='block_1_2' title="bbox 194 261 1130 474">
    <p class='ocr_par' dir='ltr' id='par_1_2' title="bbox 194 261 1130 474">
     <span class='ocr_line' id='line_1_2' title="bbox 197 261 1129 286; baseline 0 -6"><span class='ocrx_word' id='word_1_5' title='bbox 197 261 263 280; x_wconf 83' lang='lat' dir='ltr'>nixum</span> <span class='ocrx_word' id='word_1_6' title='bbox 278 262 339 280; x_wconf 85' lang='lat' dir='ltr'>solide</span> <span class='ocrx_word' id='word_1_7' title='bbox 353 262 445 285; x_wconf 86' lang='lat' dir='ltr'>consistit,</span> <span class='ocrx_word' id='word_1_8' title='bbox 460 262 510 281; x_wconf 85' lang='lat' dir='ltr'>idem</span> <span class='ocrx_word' id='word_1_9' title='bbox 525 262 596 286; x_wconf 82' lang='lat' dir='ltr'>gratiae</span> <span class='ocrx_word' id='word_1_10' title='bbox 612 262 633 280; x_wconf 93' lang='lat' dir='ltr'>V.</span> <span class='ocrx_word' id='word_1_11' title='bbox 649 262 671 280; x_wconf 78' lang='lat' dir='ltr'>R.</span> <span class='ocrx_word' id='word_1_12' title='bbox 686 262 762 281; x_wconf 88' lang='lat' dir='ltr'>Dtionis</span> <span class='ocrx_word' id='word_1_13' title='bbox 776 262 874 281; x_wconf 87' lang='lat' dir='ltr'>coloribus</span> <span class='ocrx_word' id='word_1_14' title='bbox 894 268 1017 286; x_wconf 81' lang='lat' dir='ltr'>perspersum</span> <span class='ocrx_word' id='word_1_15' title='bbox 1031 262 1129 281; x_wconf 86' lang='lat' dir='ltr'>venustius</span> 
     </span>
     <span class='ocr_line' id='line_1_3' title="bbox 197 293 1129 318; baseline 0 -6"><span class='ocrx_word' id='word_1_16' title='bbox 197 293 254 312; x_wconf 81' lang='lat' dir='ltr'>etiam</span> <span class='ocrx_word' id='word_1_17' title='bbox 277 298 374 318; x_wconf 83' lang='lat' dir='ltr'>appareat.</span> <span class='ocrx_word' id='word_1_18' title='bbox 400 293 533 316; x_wconf 76' lang='lat' dir='ltr'>Quamobrem</span> <span class='ocrx_word' id='word_1_19' title='bbox 557 294 614 312; x_wconf 75' lang='lat' dir='ltr'>frctus</span> <span class='ocrx_word' id='word_1_20' title='bbox 637 294 727 318; x_wconf 76' lang='lat' dir='ltr'>singulari</span> <span class='ocrx_word' id='word_1_21' title='bbox 750 300 785 312; x_wconf 93' lang='lat' dir='ltr'>suo</span> <span class='ocrx_word' id='word_1_22' title='bbox 807 294 871 312; x_wconf 85' lang='lat' dir='ltr'>studio</span> <span class='ocrx_word' id='word_1_23' title='bbox 892 297 910 312; x_wconf 86' lang='lat' dir='ltr'>et</span> <span class='ocrx_word' id='word_1_24' title='bbox 930 294 1049 312; x_wconf 86' lang='lat' dir='ltr'>observantia</span> <span class='ocrx_word' id='word_1_25' title='bbox 1069 294 1088 312; x_wconf 92' lang='lat' dir='ltr'>in</span> <span class='ocrx_word' id='word_1_26' title='bbox 1106 294 1129 312; x_wconf 82' lang='lat' dir='ltr'>R.</span> 
     </span>
     <span class='ocr_line' id='line_1_4' title="bbox 196 324 1129 350; baseline 0 -7"><span class='ocrx_word' id='word_1_27' title='bbox 196 325 289 343; x_wconf 87' lang='lat' dir='ltr'>Dtionem</span> <span class='ocrx_word' id='word_1_28' title='bbox 305 325 327 343; x_wconf 94' lang='lat' dir='ltr'>V.</span> <span class='ocrx_word' id='word_1_29' title='bbox 342 325 365 343; x_wconf 84' lang='lat' dir='ltr'>ab</span> <span class='ocrx_word' id='word_1_30' title='bbox 380 331 401 343; x_wconf 87' lang='lat' dir='ltr'>ea</span> <span class='ocrx_word' id='word_1_31' title='bbox 415 325 468 349; x_wconf 85' lang='lat' dir='ltr'>petit,</span> <span class='ocrx_word' id='word_1_32' title='bbox 483 325 547 349; x_wconf 85' lang='lat' dir='ltr'>potius</span> <span class='ocrx_word' id='word_1_33' title='bbox 562 329 643 350; x_wconf 84' lang='lat' dir='ltr'>uterque</span> <span class='ocrx_word' id='word_1_34' title='bbox 657 326 746 350; x_wconf 75' lang='lat' dir='ltr'>petimus,</span> <span class='ocrx_word' id='word_1_35' title='bbox 761 329 782 344; x_wconf 91' lang='lat' dir='ltr'>ut</span> <span class='ocrx_word' id='word_1_36' title='bbox 793 325 815 343; x_wconf 81' lang='lat' dir='ltr'>R.</span> <span class='ocrx_word' id='word_1_37' title='bbox 828 325 873 343; x_wconf 85' lang='lat' dir='ltr'>Dtio</span> <span class='ocrx_word' id='word_1_38' title='bbox 885 324 907 343; x_wconf 90' lang='lat' dir='ltr'>V.</span> <span class='ocrx_word' id='word_1_39' title='bbox 923 325 988 343; x_wconf 89' lang='lat' dir='ltr'>robori</span> <span class='ocrx_word' id='word_1_40' title='bbox 1003 325 1060 349; x_wconf 81' lang='lat' dir='ltr'>hujus</span> <span class='ocrx_word' id='word_1_41' title='bbox 1075 325 1129 344; x_wconf 86' lang='lat' dir='ltr'>istius</span> 
     </span>
     <span class='ocr_line' id='line_1_5' title="bbox 195 355 1129 381; baseline 0 -7"><span class='ocrx_word' id='word_1_42' title='bbox 195 356 344 380; x_wconf 65' lang='lat' dir='ltr'>exspectationis</span> <span class='ocrx_word' id='word_1_43' title='bbox 358 356 417 380; x_wconf 84' lang='lat' dir='ltr'>ipsius</span> <span class='ocrx_word' id='word_1_44' title='bbox 431 356 525 375; x_wconf 80' lang='lat' dir='ltr'>calculum</span> <span class='ocrx_word' id='word_1_45' title='bbox 540 362 618 381; x_wconf 85' lang='lat' dir='ltr'>quoque</span> <span class='ocrx_word' id='word_1_46' title='bbox 632 356 716 381; x_wconf 78' lang='lat' dir='ltr'>suffragii</span> <span class='ocrx_word' id='word_1_47' title='bbox 731 356 759 375; x_wconf 91' lang='lat' dir='ltr'>sui</span> <span class='ocrx_word' id='word_1_48' title='bbox 774 356 860 380; x_wconf 80' lang='lat' dir='ltr'>adjiciat,</span> <span class='ocrx_word' id='word_1_49' title='bbox 875 356 950 380; x_wconf 82' lang='lat' dir='ltr'>ipsique</span> <span class='ocrx_word' id='word_1_50' title='bbox 965 360 1054 374; x_wconf 86' lang='lat' dir='ltr'>testatum</span> <span class='ocrx_word' id='word_1_51' title='bbox 1068 355 1129 379; x_wconf 78' lang='lat' dir='ltr'>saciat,</span> 
     </span>
     <span class='ocr_line' id='line_1_6' title="bbox 195 386 1129 412; baseline 0 -7"><span class='ocrx_word' id='word_1_52' title='bbox 195 387 250 412; x_wconf 87' lang='lat' dir='ltr'>quod</span> <span class='ocrx_word' id='word_1_53' title='bbox 265 387 305 411; x_wconf 80' lang='lat' dir='ltr'>jure</span> <span class='ocrx_word' id='word_1_54' title='bbox 319 387 390 411; x_wconf 77' lang='lat' dir='ltr'>alioqui</span> <span class='ocrx_word' id='word_1_55' title='bbox 411 387 524 405; x_wconf 85' lang='lat' dir='ltr'>obtenturus</span> <span class='ocrx_word' id='word_1_56' title='bbox 539 391 596 410; x_wconf 83' lang='lat' dir='ltr'>esset,</span> <span class='ocrx_word' id='word_1_57' title='bbox 616 393 648 406; x_wconf 82' lang='lat' dir='ltr'>sua</span> <span class='ocrx_word' id='word_1_58' title='bbox 664 393 742 412; x_wconf 87' lang='lat' dir='ltr'>quoque</span> <span class='ocrx_word' id='word_1_59' title='bbox 760 387 819 412; x_wconf 74' lang='lat' dir='ltr'>gratia</span> <span class='ocrx_word' id='word_1_60' title='bbox 839 387 920 405; x_wconf 76' lang='lat' dir='ltr'>libenter</span> <span class='ocrx_word' id='word_1_61' title='bbox 934 387 968 411; x_wconf 87' lang='lat' dir='ltr'>ipsi</span> <span class='ocrx_word' id='word_1_62' title='bbox 983 387 1068 406; x_wconf 85' lang='lat' dir='ltr'>concedi.</span> <span class='ocrx_word' id='word_1_63' title='bbox 1091 386 1129 406; x_wconf 86' lang='lat' dir='ltr'>Co·</span> 
     </span>
     <span class='ocr_line' id='line_1_7' title="bbox 194 418 1130 443; baseline -0.001 -6"><span class='ocrx_word' id='word_1_64' title='bbox 194 422 277 443; x_wconf 80' lang='lat' dir='ltr'>gnoscet</span> <span class='ocrx_word' id='word_1_65' title='bbox 291 419 390 437; x_wconf 85' lang='lat' dir='ltr'>hominem</span> <span class='ocrx_word' id='word_1_66' title='bbox 405 418 427 437; x_wconf 91' lang='lat' dir='ltr'>V.</span> <span class='ocrx_word' id='word_1_67' title='bbox 443 418 465 437; x_wconf 85' lang='lat' dir='ltr'>R.</span> <span class='ocrx_word' id='word_1_68' title='bbox 482 418 526 437; x_wconf 88' lang='lat' dir='ltr'>Dtio</span> <span class='ocrx_word' id='word_1_69' title='bbox 541 418 681 443; x_wconf 76' lang='lat' dir='ltr'>gratissimum,</span> <span class='ocrx_word' id='word_1_70' title='bbox 697 425 727 437; x_wconf 84' lang='lat' dir='ltr'>mc</span> <span class='ocrx_word' id='word_1_71' title='bbox 742 422 805 437; x_wconf 81' lang='lat' dir='ltr'>autem</span> <span class='ocrx_word' id='word_1_72' title='bbox 820 424 899 443; x_wconf 84' lang='lat' dir='ltr'>quoque</span> <span class='ocrx_word' id='word_1_73' title='bbox 913 418 932 436; x_wconf 93' lang='lat' dir='ltr'>in</span> <span class='ocrx_word' id='word_1_74' title='bbox 947 418 1014 437; x_wconf 85' lang='lat' dir='ltr'>iisdem</span> <span class='ocrx_word' id='word_1_75' title='bbox 1034 418 1130 442; x_wconf 85' lang='lat' dir='ltr'>ejusmodi</span> 
     </span>
     <span class='ocr_line' id='line_1_8' title="bbox 194 449 1060 474; baseline -0.001 -6"><span class='ocrx_word' id='word_1_76' title='bbox 194 450 253 468; x_wconf 88' lang='lat' dir='ltr'>rebus</span> <span class='ocrx_word' id='word_1_77' title='bbox 268 450 358 474; x_wconf 79' lang='lat' dir='ltr'>deinceps</span> <span class='ocrx_word' id='word_1_78' title='bbox 372 450 427 468; x_wconf 84' lang='lat' dir='ltr'>talem</span> <span class='ocrx_word' id='word_1_79' title='bbox 444 449 527 471; x_wconf 83' lang='lat' dir='ltr'>habebit,</span> <span class='ocrx_word' id='word_1_80' title='bbox 543 449 618 474; x_wconf 75' lang='lat' dir='ltr'>qualem</span> <span class='ocrx_word' id='word_1_81' title='bbox 634 449 675 474; x_wconf 80' lang='lat' dir='ltr'>ipsu</span> <span class='ocrx_word' id='word_1_82' title='bbox 690 449 775 468; x_wconf 76' lang='lat' dir='ltr'>voluerit.</span> <span class='ocrx_word' id='word_1_83' title='bbox 791 449 854 472; x_wconf 84' lang='lat' dir='ltr'>Quam</span> <span class='ocrx_word' id='word_1_84' title='bbox 870 449 918 468; x_wconf 78' lang='lat' dir='ltr'>bene</span> <span class='ocrx_word' id='word_1_85' title='bbox 933 450 994 468; x_wconf 79' lang='lat' dir='ltr'>valere</span> <span class='ocrx_word' id='word_1_86' title='bbox 1008 453 1060 474; x_wconf 84' lang='lat' dir='ltr'>opto.</span> 
     </span>
    </p>
   </div>
   <div class='ocr_carea' id='block_1_3' title="bbox 222 527 857 552">
    <p class='ocr_par' dir='ltr' id='par_1_3' title="bbox 222 527 857 552">
     <span class='ocr_line' id='line_1_9' title="bbox 222 527 857 552; baseline 0 -6"><span class='ocrx_word' id='word_1_87' title='bbox 222 527 268 546; x_wconf 73' lang='lat'>762.</span> <span class='ocrx_word' id='word_1_88' title='bbox 465 528 635 552; x_wconf 73' lang='lat' dir='ltr'>Siqismundo</span> <span class='ocrx_word' id='word_1_89' title='bbox 653 528 774 551; x_wconf 71' lang='lat' dir='ltr'>Augusto</span> <span class='ocrx_word' id='word_1_90' title='bbox 788 528 857 551; x_wconf 67' lang='lat' dir='ltr'>Regi.</span> 
     </span>
    </p>
   </div>
   <div class='ocr_carea' id='block_1_4' title="bbox 816 579 1129 604">
    <p class='ocr_par' dir='ltr' id='par_1_4' title="bbox 816 579 1129 604">
     <span class='ocr_line' id='line_1_10' title="bbox 816 579 1129 604; baseline 0.003 -7"><span class='ocrx_word' id='word_1_91' title='bbox 816 579 930 602; x_wconf 78' lang='lat' dir='ltr'>Varsaviae,</span> <span class='ocrx_word' id='word_1_92' title='bbox 945 581 970 598; x_wconf 78' lang='lat'>19</span> <span class='ocrx_word' id='word_1_93' title='bbox 983 580 1058 604; x_wconf 80' lang='lat' dir='ltr'>Aprilis</span> <span class='ocrx_word' id='word_1_94' title='bbox 1072 581 1129 598; x_wconf 78' lang='lat'>1552.</span> 
     </span>
    </p>
   </div>
   <div class='ocr_carea' id='block_1_5' title="bbox 188 616 1146 1609">
    <p class='ocr_par' dir='ltr' id='par_1_5' title="bbox 188 616 1146 1609">
     <span class='ocr_line' id='line_1_11' title="bbox 260 616 1129 641; baseline 0.001 -7"><span class='ocrx_word' id='word_1_95' title='bbox 260 616 300 634; x_wconf 87' lang='lat' dir='ltr'>Etsi</span> <span class='ocrx_word' id='word_1_96' title='bbox 315 622 345 634; x_wconf 93' lang='lat' dir='ltr'>me</span> <span class='ocrx_word' id='word_1_97' title='bbox 359 622 420 635; x_wconf 91' lang='lat' dir='ltr'>unum</span> <span class='ocrx_word' id='word_1_98' title='bbox 435 616 478 640; x_wconf 87' lang='lat' dir='ltr'>plus</span> <span class='ocrx_word' id='word_1_99' title='bbox 493 616 559 635; x_wconf 84' lang='lat' dir='ltr'>ceteris</span> <span class='ocrx_word' id='word_1_100' title='bbox 578 622 644 641; x_wconf 82' lang='lat' dir='ltr'>sapere</span> <span class='ocrx_word' id='word_1_101' title='bbox 664 622 703 634; x_wconf 85' lang='lat' dir='ltr'>non</span> <span class='ocrx_word' id='word_1_102' title='bbox 724 616 811 635; x_wconf 85' lang='lat' dir='ltr'>existimo</span> <span class='ocrx_word' id='word_1_103' title='bbox 832 622 893 641; x_wconf 83' lang='lat' dir='ltr'>neque</span> <span class='ocrx_word' id='word_1_104' title='bbox 912 616 1017 635; x_wconf 81' lang='lat' dir='ltr'>existimavi</span> <span class='ocrx_word' id='word_1_105' title='bbox 1037 622 1129 641; x_wconf 79' lang='lat' dir='ltr'>unquam,</span> 
     </span>
     <span class='ocr_line' id='line_1_12' title="bbox 193 647 1129 672; baseline 0 -6"><span class='ocrx_word' id='word_1_106' title='bbox 193 652 261 666; x_wconf 88' lang='lat' dir='ltr'>tamen</span> <span class='ocrx_word' id='word_1_107' title='bbox 276 647 366 672; x_wconf 79' lang='lat' dir='ltr'>quoniam</span> <span class='ocrx_word' id='word_1_108' title='bbox 381 653 448 666; x_wconf 85' lang='lat' dir='ltr'>omnes</span> <span class='ocrx_word' id='word_1_109' title='bbox 463 647 503 672; x_wconf 74' lang='lat' dir='ltr'>ejus</span> <span class='ocrx_word' id='word_1_110' title='bbox 517 648 619 672; x_wconf 77' lang='lat' dir='ltr'>legationis</span> <span class='ocrx_word' id='word_1_111' title='bbox 634 648 717 666; x_wconf 82' lang='lat' dir='ltr'>rationes</span> <span class='ocrx_word' id='word_1_112' title='bbox 729 653 783 666; x_wconf 85' lang='lat' dir='ltr'>meae</span> <span class='ocrx_word' id='word_1_113' title='bbox 798 647 954 672; x_wconf 76' lang='lat' dir='ltr'>collegarumque</span> <span class='ocrx_word' id='word_1_114' title='bbox 968 654 1056 666; x_wconf 88' lang='lat' dir='ltr'>meorum</span> <span class='ocrx_word' id='word_1_115' title='bbox 1069 649 1073 661; x_wconf 87' lang='lat'>¹</span> <span class='ocrx_word' id='word_1_116' title='bbox 1085 647 1129 667; x_wconf 86' lang='lat' dir='ltr'>fidei</span> 
     </span>
     <span class='ocr_line' id='line_1_13' title="bbox 193 678 1129 703; baseline 0 -6"><span class='ocrx_word' id='word_1_117' title='bbox 193 679 275 697; x_wconf 85' lang='lat' dir='ltr'>fuerunt</span> <span class='ocrx_word' id='word_1_118' title='bbox 289 685 298 696; x_wconf 83' lang='lat' dir='ltr'>a</span> <span class='ocrx_word' id='word_1_119' title='bbox 319 678 337 697; x_wconf 85' lang='lat' dir='ltr'>S.</span> <span class='ocrx_word' id='word_1_120' title='bbox 358 679 416 697; x_wconf 79' lang='lat' dir='ltr'>Mtate</span> <span class='ocrx_word' id='word_1_121' title='bbox 437 678 459 697; x_wconf 93' lang='lat' dir='ltr'>V.</span> <span class='ocrx_word' id='word_1_122' title='bbox 480 679 608 701; x_wconf 84' lang='lat' dir='ltr'>concreditae,</span> <span class='ocrx_word' id='word_1_123' title='bbox 629 683 647 697; x_wconf 87' lang='lat' dir='ltr'>et</span> <span class='ocrx_word' id='word_1_124' title='bbox 666 679 759 703; x_wconf 86' lang='lat' dir='ltr'>quoniam</span> <span class='ocrx_word' id='word_1_125' title='bbox 778 685 811 697; x_wconf 84' lang='lat' dir='ltr'>sua</span> <span class='ocrx_word' id='word_1_126' title='bbox 829 678 898 703; x_wconf 88' lang='lat' dir='ltr'>cuique</span> <span class='ocrx_word' id='word_1_127' title='bbox 916 683 937 697; x_wconf 94' lang='lat' dir='ltr'>ut</span> <span class='ocrx_word' id='word_1_128' title='bbox 955 679 1042 703; x_wconf 89' lang='lat' dir='ltr'>corporis</span> <span class='ocrx_word' id='word_1_129' title='bbox 1062 679 1129 703; x_wconf 86' lang='lat' dir='ltr'>figura,</span> 
     </span>
     <span class='ocr_line' id='line_1_14' title="bbox 193 710 1129 734; baseline 0 -6"><span class='ocrx_word' id='word_1_130' title='bbox 193 710 221 729; x_wconf 86' lang='lat' dir='ltr'>sic</span> <span class='ocrx_word' id='word_1_131' title='bbox 237 710 296 728; x_wconf 86' lang='lat' dir='ltr'>animi</span> <span class='ocrx_word' id='word_1_132' title='bbox 314 710 406 728; x_wconf 84' lang='lat' dir='ltr'>sententia</span> <span class='ocrx_word' id='word_1_133' title='bbox 422 714 459 731; x_wconf 85' lang='lat' dir='ltr'>est,</span> <span class='ocrx_word' id='word_1_134' title='bbox 479 710 541 728; x_wconf 83' lang='lat' dir='ltr'>visum</span> <span class='ocrx_word' id='word_1_135' title='bbox 556 710 592 728; x_wconf 84' lang='lat' dir='ltr'>fuit</span> <span class='ocrx_word' id='word_1_136' title='bbox 606 710 629 728; x_wconf 85' lang='lat' dir='ltr'>de</span> <span class='ocrx_word' id='word_1_137' title='bbox 644 710 761 734; x_wconf 89' lang='lat' dir='ltr'>praescripto</span> <span class='ocrx_word' id='word_1_138' title='bbox 779 714 854 728; x_wconf 85' lang='lat' dir='ltr'>nostrae</span> <span class='ocrx_word' id='word_1_139' title='bbox 868 710 978 734; x_wconf 72' lang='lat' dir='ltr'>legationis,</span> <span class='ocrx_word' id='word_1_140' title='bbox 1001 714 1072 729; x_wconf 86' lang='lat' dir='ltr'>retenta</span> <span class='ocrx_word' id='word_1_141' title='bbox 1087 710 1129 728; x_wconf 89' lang='lat' dir='ltr'>uni-</span> 
     </span>
     <span class='ocr_line' id='line_1_15' title="bbox 192 741 1129 766; baseline 0 -7"><span class='ocrx_word' id='word_1_142' title='bbox 192 747 249 760; x_wconf 83' lang='lat' dir='ltr'>versa</span> <span class='ocrx_word' id='word_1_143' title='bbox 263 741 355 760; x_wconf 82' lang='lat' dir='ltr'>sententia</span> <span class='ocrx_word' id='word_1_144' title='bbox 371 745 389 759; x_wconf 86' lang='lat' dir='ltr'>et</span> <span class='ocrx_word' id='word_1_145' title='bbox 402 745 516 765; x_wconf 78' lang='lat' dir='ltr'>argumento</span> <span class='ocrx_word' id='word_1_146' title='bbox 536 745 648 766; x_wconf 78' lang='lat' dir='ltr'>servataque</span> <span class='ocrx_word' id='word_1_147' title='bbox 663 741 685 760; x_wconf 91' lang='lat' dir='ltr'>V.</span> <span class='ocrx_word' id='word_1_148' title='bbox 700 741 764 759; x_wconf 84' lang='lat' dir='ltr'>Mtatis</span> <span class='ocrx_word' id='word_1_149' title='bbox 784 741 855 765; x_wconf 88' lang='lat' dir='ltr'>ubique</span> <span class='ocrx_word' id='word_1_150' title='bbox 870 741 971 766; x_wconf 82' lang='lat' dir='ltr'>dignitate,</span> <span class='ocrx_word' id='word_1_151' title='bbox 992 741 1079 760; x_wconf 88' lang='lat' dir='ltr'>nonnihil</span> <span class='ocrx_word' id='word_1_152' title='bbox 1094 741 1129 759; x_wconf 89' lang='lat' dir='ltr'>im-</span> 
     </span>
     <span class='ocr_line' id='line_1_16' title="bbox 193 772 1129 797; baseline 0 -6"><span class='ocrx_word' id='word_1_153' title='bbox 193 777 280 796; x_wconf 86' lang='lat' dir='ltr'>mutare,</span> <span class='ocrx_word' id='word_1_154' title='bbox 295 773 348 797; x_wconf 86' lang='lat' dir='ltr'>quod</span> <span class='ocrx_word' id='word_1_155' title='bbox 363 773 509 797; x_wconf 80' lang='lat' dir='ltr'>dispositionem</span> <span class='ocrx_word' id='word_1_156' title='bbox 525 777 543 791; x_wconf 81' lang='lat' dir='ltr'>et</span> <span class='ocrx_word' id='word_1_157' title='bbox 557 773 685 791; x_wconf 85' lang='lat' dir='ltr'>elocutionem</span> <span class='ocrx_word' id='word_1_158' title='bbox 700 772 798 791; x_wconf 78' lang='lat' dir='ltr'>attinebat.</span> <span class='ocrx_word' id='word_1_159' title='bbox 818 772 859 791; x_wconf 87' lang='lat' dir='ltr'>Etsi</span> <span class='ocrx_word' id='word_1_160' title='bbox 873 773 925 791; x_wconf 87' lang='lat' dir='ltr'>enim</span> <span class='ocrx_word' id='word_1_161' title='bbox 939 772 1012 797; x_wconf 81' lang='lat' dir='ltr'>optime</span> <span class='ocrx_word' id='word_1_162' title='bbox 1031 773 1129 795; x_wconf 85' lang='lat' dir='ltr'>inciderat,</span> 
     </span>
     <span class='ocr_line' id='line_1_17' title="bbox 193 803 1129 829; baseline 0 -7"><span class='ocrx_word' id='word_1_163' title='bbox 193 804 283 829; x_wconf 83' lang='lat' dir='ltr'>quisquis</span> <span class='ocrx_word' id='word_1_164' title='bbox 298 804 349 822; x_wconf 85' lang='lat' dir='ltr'>illam</span> <span class='ocrx_word' id='word_1_165' title='bbox 364 803 471 822; x_wconf 82' lang='lat' dir='ltr'>orationem</span> <span class='ocrx_word' id='word_1_166' title='bbox 486 807 578 828; x_wconf 76' lang='lat' dir='ltr'>tanquam</span> <span class='ocrx_word' id='word_1_167' title='bbox 593 808 664 822; x_wconf 80' lang='lat' dir='ltr'>vestem</span> <span class='ocrx_word' id='word_1_168' title='bbox 680 803 777 826; x_wconf 80' lang='lat' dir='ltr'>inciderat,</span> <span class='ocrx_word' id='word_1_169' title='bbox 792 804 847 822; x_wconf 86' lang='lat' dir='ltr'>sicuti</span> <span class='ocrx_word' id='word_1_170' title='bbox 863 804 881 822; x_wconf 93' lang='lat' dir='ltr'>in</span> <span class='ocrx_word' id='word_1_171' title='bbox 897 804 968 822; x_wconf 87' lang='lat' dir='ltr'>Senatu</span> <span class='ocrx_word' id='word_1_172' title='bbox 983 810 1061 828; x_wconf 85' lang='lat' dir='ltr'>quoque</span> <span class='ocrx_word' id='word_1_173' title='bbox 1075 810 1129 828; x_wconf 86' lang='lat' dir='ltr'>prae-</span> 
     </span>
     <span class='ocr_line' id='line_1_18' title="bbox 192 834 1129 859; baseline 0.001 -6"><span class='ocrx_word' id='word_1_174' title='bbox 192 840 249 854; x_wconf 83' lang='lat' dir='ltr'>sente</span> <span class='ocrx_word' id='word_1_175' title='bbox 264 835 286 853; x_wconf 94' lang='lat' dir='ltr'>V.</span> <span class='ocrx_word' id='word_1_176' title='bbox 301 834 321 853; x_wconf 85' lang='lat' dir='ltr'>S.</span> <span class='ocrx_word' id='word_1_177' title='bbox 336 835 393 853; x_wconf 88' lang='lat' dir='ltr'>Mtate</span> <span class='ocrx_word' id='word_1_178' title='bbox 408 835 480 853; x_wconf 88' lang='lat' dir='ltr'>dictum</span> <span class='ocrx_word' id='word_1_179' title='bbox 495 835 540 857; x_wconf 76' lang='lat' dir='ltr'>fuit,</span> <span class='ocrx_word' id='word_1_180' title='bbox 561 839 623 853; x_wconf 86' lang='lat' dir='ltr'>tamen</span> <span class='ocrx_word' id='word_1_181' title='bbox 639 835 744 859; x_wconf 84' lang='lat' dir='ltr'>quominus</span> <span class='ocrx_word' id='word_1_182' title='bbox 759 835 856 859; x_wconf 85' lang='lat' dir='ltr'>conceptis</span> <span class='ocrx_word' id='word_1_183' title='bbox 870 835 907 853; x_wconf 88' lang='lat' dir='ltr'>illis</span> <span class='ocrx_word' id='word_1_184' title='bbox 921 835 983 854; x_wconf 86' lang='lat' dir='ltr'>verbis</span> <span class='ocrx_word' id='word_1_185' title='bbox 997 839 1070 859; x_wconf 85' lang='lat' dir='ltr'>uterer,</span> <span class='ocrx_word' id='word_1_186' title='bbox 1085 841 1129 854; x_wconf 82' lang='lat' dir='ltr'>cum</span> 
     </span>
     <span class='ocr_line' id='line_1_19' title="bbox 193 866 1130 891; baseline 0 -6"><span class='ocrx_word' id='word_1_187' title='bbox 193 870 258 885; x_wconf 83' lang='lat' dir='ltr'>cetera</span> <span class='ocrx_word' id='word_1_188' title='bbox 273 866 292 884; x_wconf 90' lang='lat' dir='ltr'>in</span> <span class='ocrx_word' id='word_1_189' title='bbox 307 872 363 884; x_wconf 87' lang='lat' dir='ltr'>causa</span> <span class='ocrx_word' id='word_1_190' title='bbox 378 866 468 888; x_wconf 81' lang='lat' dir='ltr'>fuerunt,</span> <span class='ocrx_word' id='word_1_191' title='bbox 483 870 523 884; x_wconf 87' lang='lat' dir='ltr'>tum</span> <span class='ocrx_word' id='word_1_192' title='bbox 538 866 635 891; x_wconf 80' lang='lat' dir='ltr'>prolixitas</span> <span class='ocrx_word' id='word_1_193' title='bbox 650 866 753 891; x_wconf 83' lang='lat' dir='ltr'>imprimis,</span> <span class='ocrx_word' id='word_1_194' title='bbox 773 866 843 884; x_wconf 83' lang='lat' dir='ltr'>deinde</span> <span class='ocrx_word' id='word_1_195' title='bbox 857 866 948 885; x_wconf 88' lang='lat' dir='ltr'>orationis</span> <span class='ocrx_word' id='word_1_196' title='bbox 968 866 1027 885; x_wconf 85' lang='lat' dir='ltr'>totius</span> <span class='ocrx_word' id='word_1_197' title='bbox 1045 867 1130 885; x_wconf 82' lang='lat' dir='ltr'>severior</span> 
     </span>
     <span class='ocr_line' id='line_1_20' title="bbox 193 897 1129 923; baseline 0 -7"><span class='ocrx_word' id='word_1_198' title='bbox 193 898 291 923; x_wconf 78' lang='lat' dir='ltr'>quaedam</span> <span class='ocrx_word' id='word_1_199' title='bbox 306 897 403 922; x_wconf 79' lang='lat' dir='ltr'>majestas,</span> <span class='ocrx_word' id='word_1_200' title='bbox 424 903 481 921; x_wconf 85' lang='lat' dir='ltr'>quarn</span> <span class='ocrx_word' id='word_1_201' title='bbox 497 897 525 915; x_wconf 78' lang='lat' dir='ltr'>vel</span> <span class='ocrx_word' id='word_1_202' title='bbox 540 897 609 915; x_wconf 87' lang='lat' dir='ltr'>mulier</span> <span class='ocrx_word' id='word_1_203' title='bbox 629 897 685 920; x_wconf 83' lang='lat' dir='ltr'>ferat,</span> <span class='ocrx_word' id='word_1_204' title='bbox 706 898 734 916; x_wconf 81' lang='lat' dir='ltr'>vel</span> <span class='ocrx_word' id='word_1_205' title='bbox 749 902 809 916; x_wconf 82' lang='lat' dir='ltr'>mater</span> <span class='ocrx_word' id='word_1_206' title='bbox 823 904 833 916; x_wconf 82' lang='lat' dir='ltr'>a</span> <span class='ocrx_word' id='word_1_207' title='bbox 848 897 887 916; x_wconf 84' lang='lat' dir='ltr'>filio</span> <span class='ocrx_word' id='word_1_208' title='bbox 907 902 1010 922; x_wconf 84' lang='lat' dir='ltr'>exspectet,</span> <span class='ocrx_word' id='word_1_209' title='bbox 1030 902 1129 922; x_wconf 81' lang='lat' dir='ltr'>postremo</span> 
     </span>
     <span class='ocr_line' id='line_1_21' title="bbox 193 928 1129 953; baseline 0 -6"><span class='ocrx_word' id='word_1_210' title='bbox 193 929 269 948; x_wconf 85' lang='lat' dir='ltr'>exordii</span> <span class='ocrx_word' id='word_1_211' title='bbox 285 934 362 953; x_wconf 86' lang='lat' dir='ltr'>quoque</span> <span class='ocrx_word' id='word_1_212' title='bbox 377 932 395 947; x_wconf 88' lang='lat' dir='ltr'>ct</span> <span class='ocrx_word' id='word_1_213' title='bbox 410 928 540 947; x_wconf 81' lang='lat' dir='ltr'>conclusionis</span> <span class='ocrx_word' id='word_1_214' title='bbox 554 928 602 947; x_wconf 77' lang='lat' dir='ltr'>ratio</span> <span class='ocrx_word' id='word_1_215' title='bbox 618 929 711 953; x_wconf 72' lang='lat' dir='ltr'>quaedam</span> <span class='ocrx_word' id='word_1_216' title='bbox 727 928 867 953; x_wconf 71' lang='lat' dir='ltr'>perturbatior,</span> <span class='ocrx_word' id='word_1_217' title='bbox 886 934 943 953; x_wconf 78' lang='lat' dir='ltr'>quam</span> <span class='ocrx_word' id='word_1_218' title='bbox 959 928 987 947; x_wconf 84' lang='lat' dir='ltr'>vel</span> <span class='ocrx_word' id='word_1_219' title='bbox 1002 928 1065 947; x_wconf 86' lang='lat' dir='ltr'>Mtatis</span> <span class='ocrx_word' id='word_1_220' title='bbox 1079 928 1129 947; x_wconf 87' lang='lat' dir='ltr'>Suae</span> 
     </span>
     <span class='ocr_line' id='line_1_22' title="bbox 193 959 1129 984; baseline 0 -6"><span class='ocrx_word' id='word_1_221' title='bbox 193 960 215 979; x_wconf 90' lang='lat' dir='ltr'>S.</span> <span class='ocrx_word' id='word_1_222' title='bbox 230 960 320 984; x_wconf 78' lang='lat' dir='ltr'>dignitas,</span> <span class='ocrx_word' id='word_1_223' title='bbox 340 960 369 978; x_wconf 78' lang='lat' dir='ltr'>vel</span> <span class='ocrx_word' id='word_1_224' title='bbox 383 959 483 978; x_wconf 72' lang='lat' dir='ltr'>necessitas</span> <span class='ocrx_word' id='word_1_225' title='bbox 498 960 523 978; x_wconf 87' lang='lat' dir='ltr'>rei</span> <span class='ocrx_word' id='word_1_226' title='bbox 539 960 650 984; x_wconf 80' lang='lat' dir='ltr'>requireret.</span> <span class='ocrx_word' id='word_1_227' title='bbox 672 960 737 984; x_wconf 81' lang='lat' dir='ltr'>ltaque</span> <span class='ocrx_word' id='word_1_228' title='bbox 755 960 862 978; x_wconf 78' lang='lat' dir='ltr'>orationem</span> <span class='ocrx_word' id='word_1_229' title='bbox 878 959 935 978; x_wconf 83' lang='lat' dir='ltr'>habui</span> <span class='ocrx_word' id='word_1_230' title='bbox 951 966 973 978; x_wconf 86' lang='lat' dir='ltr'>eo</span> <span class='ocrx_word' id='word_1_231' title='bbox 989 960 1048 978; x_wconf 88' lang='lat' dir='ltr'>modo</span> <span class='ocrx_word' id='word_1_232' title='bbox 1067 960 1129 984; x_wconf 81' lang='lat' dir='ltr'>iisque</span> 
     </span>
     <span class='ocr_line' id='line_1_23' title="bbox 193 991 1129 1015; baseline 0 -6"><span class='ocrx_word' id='word_1_233' title='bbox 193 991 265 1013; x_wconf 85' lang='lat' dir='ltr'>verbis,</span> <span class='ocrx_word' id='word_1_234' title='bbox 279 991 327 1009; x_wconf 91' lang='lat' dir='ltr'>sicut</span> <span class='ocrx_word' id='word_1_235' title='bbox 341 991 396 1009; x_wconf 72' lang='lat' dir='ltr'>mitto</span> <span class='ocrx_word' id='word_1_236' title='bbox 411 991 433 1009; x_wconf 66' lang='lat' dir='ltr'>V,</span> <span class='ocrx_word' id='word_1_237' title='bbox 448 991 467 1009; x_wconf 87' lang='lat' dir='ltr'>S.</span> <span class='ocrx_word' id='word_1_238' title='bbox 483 991 543 1009; x_wconf 84' lang='lat' dir='ltr'>Mtati.</span> <span class='ocrx_word' id='word_1_239' title='bbox 558 991 648 1009; x_wconf 84' lang='lat' dir='ltr'>Ceterum</span> <span class='ocrx_word' id='word_1_240' title='bbox 663 991 695 1015; x_wconf 93' lang='lat' dir='ltr'>qui</span> <span class='ocrx_word' id='word_1_241' title='bbox 711 997 823 1015; x_wconf 83' lang='lat' dir='ltr'>progressus</span> <span class='ocrx_word' id='word_1_242' title='bbox 838 991 878 1015; x_wconf 88' lang='lat' dir='ltr'>ejus</span> <span class='ocrx_word' id='word_1_243' title='bbox 892 991 918 1009; x_wconf 86' lang='lat' dir='ltr'>rei</span> <span class='ocrx_word' id='word_1_244' title='bbox 933 991 998 1014; x_wconf 90' lang='lat' dir='ltr'>suerit,</span> <span class='ocrx_word' id='word_1_245' title='bbox 1013 991 1029 1009; x_wconf 93' lang='lat' dir='ltr'>si</span> <span class='ocrx_word' id='word_1_246' title='bbox 1043 991 1066 1009; x_wconf 97' lang='lat' dir='ltr'>V.</span> <span class='ocrx_word' id='word_1_247' title='bbox 1081 997 1129 1015; x_wconf 90' lang='lat' dir='ltr'>quo-</span> 
     </span>
     <span class='ocr_line' id='line_1_24' title="bbox 194 1018 1130 1047; baseline 0 -7"><span class='ocrx_word' id='word_1_248' title='bbox 194 1018 233 1047; x_wconf 83' lang='lat' dir='ltr'>que</span> <span class='ocrx_word' id='word_1_249' title='bbox 249 1022 269 1040; x_wconf 87' lang='lat' dir='ltr'>S.</span> <span class='ocrx_word' id='word_1_250' title='bbox 283 1022 332 1040; x_wconf 90' lang='lat' dir='ltr'>Mtas</span> <span class='ocrx_word' id='word_1_251' title='bbox 346 1022 398 1040; x_wconf 87' lang='lat' dir='ltr'>adire</span> <span class='ocrx_word' id='word_1_252' title='bbox 413 1028 453 1040; x_wconf 92' lang='lat' dir='ltr'>non</span> <span class='ocrx_word' id='word_1_253' title='bbox 467 1026 565 1046; x_wconf 75' lang='lat' dir='ltr'>gravatur,</span> <span class='ocrx_word' id='word_1_254' title='bbox 580 1022 642 1040; x_wconf 84' lang='lat' dir='ltr'>dicam</span> <span class='ocrx_word' id='word_1_255' title='bbox 662 1022 777 1040; x_wconf 86' lang='lat' dir='ltr'>brevissime.</span> <span class='ocrx_word' id='word_1_256' title='bbox 799 1022 892 1040; x_wconf 86' lang='lat' dir='ltr'>Venimus</span> <span class='ocrx_word' id='word_1_257' title='bbox 907 1022 1019 1040; x_wconf 83' lang='lat' dir='ltr'>Varsoviam</span> <span class='ocrx_word' id='word_1_258' title='bbox 1033 1022 1112 1040; x_wconf 78' lang='lat' dir='ltr'>sabbato</span> <span class='ocrx_word' id='word_1_259' title='bbox 1122 1022 1130 1035; x_wconf 66' lang='grc' dir='ltr'><strong><em>Ἰ</em></strong></span> 
     </span>
     <span class='ocr_line' id='line_1_25' title="bbox 194 1053 1129 1079; baseline 0 -8"><span class='ocrx_word' id='word_1_260' title='bbox 194 1054 283 1079; x_wconf 71' lang='lat' dir='ltr'>ejusdem</span> <span class='ocrx_word' id='word_1_261' title='bbox 303 1053 447 1076; x_wconf 79' lang='lat' dir='ltr'>hebdomadae,</span> <span class='ocrx_word' id='word_1_262' title='bbox 467 1059 505 1078; x_wconf 90' lang='lat' dir='ltr'>qua</span> <span class='ocrx_word' id='word_1_263' title='bbox 520 1053 541 1071; x_wconf 91' lang='lat' dir='ltr'>V.</span> <span class='ocrx_word' id='word_1_264' title='bbox 563 1053 582 1071; x_wconf 88' lang='lat' dir='ltr'>S.</span> <span class='ocrx_word' id='word_1_265' title='bbox 601 1053 679 1071; x_wconf 87' lang='lat' dir='ltr'>Mtatem</span> <span class='ocrx_word' id='word_1_266' title='bbox 700 1053 823 1077; x_wconf 83' lang='lat' dir='ltr'>reliquimus,</span> <span class='ocrx_word' id='word_1_267' title='bbox 844 1059 943 1078; x_wconf 86' lang='lat' dir='ltr'>quumque</span> <span class='ocrx_word' id='word_1_268' title='bbox 963 1053 1060 1077; x_wconf 80' lang='lat' dir='ltr'>Reginalis</span> <span class='ocrx_word' id='word_1_269' title='bbox 1080 1053 1129 1072; x_wconf 84' lang='lat' dir='ltr'>Mtas</span> 
     </span>
     <span class='ocr_line' id='line_1_26' title="bbox 193 1084 1129 1109; baseline -0.001 -5"><span class='ocrx_word' id='word_1_270' title='bbox 193 1089 273 1109; x_wconf 86' lang='lat' dir='ltr'>tempus</span> <span class='ocrx_word' id='word_1_271' title='bbox 287 1084 386 1109; x_wconf 77' lang='lat' dir='ltr'>legationis</span> <span class='ocrx_word' id='word_1_272' title='bbox 400 1084 502 1103; x_wconf 84' lang='lat' dir='ltr'>obeundae</span> <span class='ocrx_word' id='word_1_273' title='bbox 522 1084 601 1103; x_wconf 79' lang='lat' dir='ltr'>arbitrio</span> <span class='ocrx_word' id='word_1_274' title='bbox 621 1085 753 1109; x_wconf 84' lang='lat' dir='ltr'>voluntatique</span> <span class='ocrx_word' id='word_1_275' title='bbox 767 1088 843 1103; x_wconf 84' lang='lat' dir='ltr'>nostrae</span> <span class='ocrx_word' id='word_1_276' title='bbox 858 1084 984 1109; x_wconf 81' lang='lat' dir='ltr'>permitteret,</span> <span class='ocrx_word' id='word_1_277' title='bbox 1004 1084 1029 1103; x_wconf 79' lang='lat' dir='ltr'>ita</span> <span class='ocrx_word' id='word_1_278' title='bbox 1043 1084 1129 1103; x_wconf 79' lang='lat' dir='ltr'>fecimus.</span> 
     </span>
     <span class='ocr_line' id='line_1_27' title="bbox 194 1115 1129 1140; baseline 0 -6"><span class='ocrx_word' id='word_1_279' title='bbox 194 1116 291 1135; x_wconf 83' lang='lat' dir='ltr'>Postridie</span> <span class='ocrx_word' id='word_1_280' title='bbox 302 1116 315 1139; x_wconf 81' lang='lat'>³,</span> <span class='ocrx_word' id='word_1_281' title='bbox 330 1116 362 1140; x_wconf 87' lang='lat' dir='ltr'>qui</span> <span class='ocrx_word' id='word_1_282' title='bbox 377 1116 417 1134; x_wconf 83' lang='lat' dir='ltr'>dies</span> <span class='ocrx_word' id='word_1_283' title='bbox 431 1119 471 1134; x_wconf 86' lang='lat' dir='ltr'>erat</span> <span class='ocrx_word' id='word_1_284' title='bbox 485 1115 614 1134; x_wconf 79' lang='lat' dir='ltr'>Surrectionis</span> <span class='ocrx_word' id='word_1_285' title='bbox 628 1116 747 1137; x_wconf 82' lang='lat' dir='ltr'>Dominicac,</span> <span class='ocrx_word' id='word_1_286' title='bbox 763 1115 822 1134; x_wconf 76' lang='lat' dir='ltr'>Suam</span> <span class='ocrx_word' id='word_1_287' title='bbox 837 1115 916 1134; x_wconf 84' lang='lat' dir='ltr'>Mtatem</span> <span class='ocrx_word' id='word_1_288' title='bbox 927 1116 933 1127; x_wconf 58' lang='grc' dir='ltr'>Ι</span> <span class='ocrx_word' id='word_1_289' title='bbox 948 1115 1011 1134; x_wconf 77' lang='lat' dir='ltr'>Mtatis</span> <span class='ocrx_word' id='word_1_290' title='bbox 1026 1115 1055 1138; x_wconf 69' lang='lat' dir='ltr'>V..</span> <span class='ocrx_word' id='word_1_291' title='bbox 1070 1116 1129 1134; x_wconf 83' lang='lat' dir='ltr'>Sena-</span> 
     </span>
     <span class='ocr_line' id='line_1_28' title="bbox 193 1146 1130 1172; baseline -0.001 -6"><span class='ocrx_word' id='word_1_292' title='bbox 193 1151 225 1166; x_wconf 89' lang='lat' dir='ltr'>tus</span> <span class='ocrx_word' id='word_1_293' title='bbox 241 1151 348 1172; x_wconf 78' lang='lat' dir='ltr'>nostroque</span> <span class='ocrx_word' id='word_1_294' title='bbox 367 1147 446 1165; x_wconf 84' lang='lat' dir='ltr'>nomine</span> <span class='ocrx_word' id='word_1_295' title='bbox 461 1146 562 1171; x_wconf 85' lang='lat' dir='ltr'>diligenter</span> <span class='ocrx_word' id='word_1_296' title='bbox 576 1147 710 1170; x_wconf 80' lang='lat' dir='ltr'>salutavimus,</span> <span class='ocrx_word' id='word_1_297' title='bbox 730 1147 872 1171; x_wconf 82' lang='lat' dir='ltr'>detulimusque</span> <span class='ocrx_word' id='word_1_298' title='bbox 892 1146 964 1171; x_wconf 85' lang='lat' dir='ltr'>prolixe</span> <span class='ocrx_word' id='word_1_299' title='bbox 979 1146 1028 1165; x_wconf 83' lang='lat' dir='ltr'>Suae</span> <span class='ocrx_word' id='word_1_300' title='bbox 1042 1147 1097 1165; x_wconf 82' lang='lat' dir='ltr'>Mtati</span> <span class='ocrx_word' id='word_1_301' title='bbox 1111 1151 1130 1166; x_wconf 88' lang='lat' dir='ltr'>et</span> 
     </span>
     <span class='ocr_line' id='line_1_29' title="bbox 194 1177 1129 1203; baseline -0.001 -6"><span class='ocrx_word' id='word_1_302' title='bbox 194 1179 218 1197; x_wconf 95' lang='lat' dir='ltr'>V.</span> <span class='ocrx_word' id='word_1_303' title='bbox 233 1179 298 1197; x_wconf 85' lang='lat' dir='ltr'>Mtatis</span> <span class='ocrx_word' id='word_1_304' title='bbox 317 1179 407 1203; x_wconf 85' lang='lat' dir='ltr'>pietatem</span> <span class='ocrx_word' id='word_1_305' title='bbox 427 1182 484 1203; x_wconf 86' lang='lat' dir='ltr'>atque</span> <span class='ocrx_word' id='word_1_306' title='bbox 504 1178 644 1196; x_wconf 79' lang='lat' dir='ltr'>observantiam</span> <span class='ocrx_word' id='word_1_307' title='bbox 659 1182 677 1196; x_wconf 90' lang='lat' dir='ltr'>et</span> <span class='ocrx_word' id='word_1_308' title='bbox 692 1178 773 1196; x_wconf 82' lang='lat' dir='ltr'>Senatus</span> <span class='ocrx_word' id='word_1_309' title='bbox 794 1182 898 1202; x_wconf 84' lang='lat' dir='ltr'>nostraque</span> <span class='ocrx_word' id='word_1_310' title='bbox 918 1177 980 1196; x_wconf 77' lang='lat' dir='ltr'>studia</span> <span class='ocrx_word' id='word_1_311' title='bbox 999 1181 1017 1196; x_wconf 88' lang='lat' dir='ltr'>et</span> <span class='ocrx_word' id='word_1_312' title='bbox 1030 1178 1129 1202; x_wconf 82' lang='lat' dir='ltr'>obsequia,</span> 
     </span>
     <span class='ocr_line' id='line_1_30' title="bbox 195 1209 1129 1235; baseline -0.001 -7"><span class='ocrx_word' id='word_1_313' title='bbox 195 1210 250 1235; x_wconf 89' lang='lat' dir='ltr'>quod</span> <span class='ocrx_word' id='word_1_314' title='bbox 265 1210 327 1234; x_wconf 85' lang='lat' dir='ltr'>ipsum</span> <span class='ocrx_word' id='word_1_315' title='bbox 342 1215 420 1234; x_wconf 85' lang='lat' dir='ltr'>quoque</span> <span class='ocrx_word' id='word_1_316' title='bbox 434 1209 503 1228; x_wconf 86' lang='lat' dir='ltr'>deinde</span> <span class='ocrx_word' id='word_1_317' title='bbox 518 1209 545 1227; x_wconf 92' lang='lat' dir='ltr'>lll.</span> <span class='ocrx_word' id='word_1_318' title='bbox 560 1209 660 1228; x_wconf 88' lang='lat' dir='ltr'>sororibus</span> <span class='ocrx_word' id='word_1_319' title='bbox 675 1209 696 1227; x_wconf 91' lang='lat' dir='ltr'>V.</span> <span class='ocrx_word' id='word_1_320' title='bbox 712 1209 776 1227; x_wconf 82' lang='lat' dir='ltr'>Mtatis</span> <span class='ocrx_word' id='word_1_321' title='bbox 790 1209 875 1227; x_wconf 83' lang='lat' dir='ltr'>fecimus.</span> <span class='ocrx_word' id='word_1_322' title='bbox 890 1209 920 1227; x_wconf 83' lang='lat' dir='ltr'>Ad</span> <span class='ocrx_word' id='word_1_323' title='bbox 933 1215 954 1227; x_wconf 90' lang='lat' dir='ltr'>ea</span> <span class='ocrx_word' id='word_1_324' title='bbox 969 1209 1066 1233; x_wconf 77' lang='lat' dir='ltr'>Reginalis</span> <span class='ocrx_word' id='word_1_325' title='bbox 1080 1209 1129 1228; x_wconf 86' lang='lat' dir='ltr'>Mtas</span> 
     </span>
     <span class='ocr_line' id='line_1_31' title="bbox 195 1240 1129 1265; baseline -0.001 -6"><span class='ocrx_word' id='word_1_326' title='bbox 195 1241 278 1260; x_wconf 86' lang='lat' dir='ltr'>comiter</span> <span class='ocrx_word' id='word_1_327' title='bbox 292 1245 311 1259; x_wconf 89' lang='lat' dir='ltr'>et</span> <span class='ocrx_word' id='word_1_328' title='bbox 324 1240 444 1262; x_wconf 78' lang='lat' dir='ltr'>humaniter,</span> <span class='ocrx_word' id='word_1_329' title='bbox 464 1241 490 1259; x_wconf 68' lang='lat' dir='ltr'>lll.</span> <span class='ocrx_word' id='word_1_330' title='bbox 506 1245 569 1259; x_wconf 82' lang='lat' dir='ltr'>autern</span> <span class='ocrx_word' id='word_1_331' title='bbox 590 1240 695 1265; x_wconf 75' lang='lat' dir='ltr'>Reginulae</span> <span class='ocrx_word' id='word_1_332' title='bbox 715 1240 772 1259; x_wconf 82' lang='lat' dir='ltr'>etiam</span> <span class='ocrx_word' id='word_1_333' title='bbox 791 1240 872 1259; x_wconf 85' lang='lat' dir='ltr'>demisse</span> <span class='ocrx_word' id='word_1_334' title='bbox 892 1240 1043 1264; x_wconf 84' lang='lat' dir='ltr'>responderunt,</span> <span class='ocrx_word' id='word_1_335' title='bbox 1062 1247 1129 1259; x_wconf 88' lang='lat' dir='ltr'>ornnes</span> 
     </span>
     <span class='ocr_line' id='line_1_32' title="bbox 195 1271 1129 1296; baseline -0.001 -6"><span class='ocrx_word' id='word_1_336' title='bbox 195 1276 260 1291; x_wconf 80' lang='lat' dir='ltr'>autem</span> <span class='ocrx_word' id='word_1_337' title='bbox 275 1276 362 1290; x_wconf 80' lang='lat' dir='ltr'>amanter</span> <span class='ocrx_word' id='word_1_338' title='bbox 373 1276 391 1290; x_wconf 92' lang='lat' dir='ltr'>et</span> <span class='ocrx_word' id='word_1_339' title='bbox 403 1271 515 1294; x_wconf 84' lang='lat' dir='ltr'>honorifice,</span> <span class='ocrx_word' id='word_1_340' title='bbox 531 1272 566 1290; x_wconf 92' lang='lat' dir='ltr'>nisi</span> <span class='ocrx_word' id='word_1_341' title='bbox 579 1272 631 1296; x_wconf 84' lang='lat' dir='ltr'>quod</span> <span class='ocrx_word' id='word_1_342' title='bbox 644 1272 671 1290; x_wconf 94' lang='lat' dir='ltr'>lll.</span> <span class='ocrx_word' id='word_1_343' title='bbox 684 1271 755 1296; x_wconf 78' lang='lat' dir='ltr'>Sophia</span> <span class='ocrx_word' id='word_1_344' title='bbox 770 1271 878 1290; x_wconf 84' lang='lat' dir='ltr'>salutationi</span> <span class='ocrx_word' id='word_1_345' title='bbox 893 1271 960 1289; x_wconf 83' lang='lat' dir='ltr'>adesse</span> <span class='ocrx_word' id='word_1_346' title='bbox 972 1271 1055 1296; x_wconf 90' lang='lat' dir='ltr'>reliquiis</span> <span class='ocrx_word' id='word_1_347' title='bbox 1067 1271 1129 1290; x_wconf 84' lang='lat' dir='ltr'>adhuc</span> 
     </span>
     <span class='ocr_line' id='line_1_33' title="bbox 196 1302 1129 1328; baseline -0.001 -6"><span class='ocrx_word' id='word_1_348' title='bbox 196 1303 300 1322; x_wconf 80' lang='lat' dir='ltr'>febriculae</span> <span class='ocrx_word' id='word_1_349' title='bbox 315 1303 406 1328; x_wconf 77' lang='lat' dir='ltr'>impedita</span> <span class='ocrx_word' id='word_1_350' title='bbox 421 1309 461 1321; x_wconf 86' lang='lat' dir='ltr'>non</span> <span class='ocrx_word' id='word_1_351' title='bbox 477 1303 544 1327; x_wconf 85' lang='lat' dir='ltr'>potuit.</span> <span class='ocrx_word' id='word_1_352' title='bbox 559 1302 612 1321; x_wconf 84' lang='lat' dir='ltr'>Haec</span> <span class='ocrx_word' id='word_1_353' title='bbox 626 1303 738 1327; x_wconf 77' lang='lat' dir='ltr'>agebantur,</span> <span class='ocrx_word' id='word_1_354' title='bbox 753 1306 856 1327; x_wconf 82' lang='lat' dir='ltr'>antequam</span> <span class='ocrx_word' id='word_1_355' title='bbox 871 1302 950 1321; x_wconf 79' lang='lat' dir='ltr'>Sacrum</span> <span class='ocrx_word' id='word_1_356' title='bbox 965 1303 1030 1327; x_wconf 82' lang='lat' dir='ltr'>peragi</span> <span class='ocrx_word' id='word_1_357' title='bbox 1040 1307 1129 1327; x_wconf 87' lang='lat' dir='ltr'>coeptum</span> 
     </span>
     <span class='ocr_line' id='line_1_34' title="bbox 196 1333 1129 1358; baseline -0.001 -5"><span class='ocrx_word' id='word_1_358' title='bbox 196 1338 258 1357; x_wconf 79' lang='lat' dir='ltr'>esset,</span> <span class='ocrx_word' id='word_1_359' title='bbox 281 1340 324 1352; x_wconf 89' lang='lat' dir='ltr'>nam</span> <span class='ocrx_word' id='word_1_360' title='bbox 343 1334 458 1352; x_wconf 71' lang='lat' dir='ltr'>salutatione</span> <span class='ocrx_word' id='word_1_361' title='bbox 478 1333 531 1352; x_wconf 84' lang='lat' dir='ltr'>finita</span> <span class='ocrx_word' id='word_1_362' title='bbox 549 1333 607 1352; x_wconf 79' lang='lat' dir='ltr'>Suam</span> <span class='ocrx_word' id='word_1_363' title='bbox 627 1334 706 1352; x_wconf 84' lang='lat' dir='ltr'>Mtatern</span> <span class='ocrx_word' id='word_1_364' title='bbox 728 1334 839 1358; x_wconf 80' lang='lat' dir='ltr'>Reginalem</span> <span class='ocrx_word' id='word_1_365' title='bbox 854 1333 873 1352; x_wconf 92' lang='lat' dir='ltr'>in</span> <span class='ocrx_word' id='word_1_366' title='bbox 888 1334 981 1358; x_wconf 74' lang='lat' dir='ltr'>templum</span> <span class='ocrx_word' id='word_1_367' title='bbox 1005 1334 1129 1357; x_wconf 83' lang='lat' dir='ltr'>deduximus,</span> 
     </span>
     <span class='ocr_line' id='line_1_35' title="bbox 196 1365 1130 1390; baseline 0 -6"><span class='ocrx_word' id='word_1_368' title='bbox 196 1366 333 1390; x_wconf 85' lang='lat' dir='ltr'>reliquumque</span> <span class='ocrx_word' id='word_1_369' title='bbox 352 1365 389 1383; x_wconf 88' lang='lat' dir='ltr'>diei</span> <span class='ocrx_word' id='word_1_370' title='bbox 410 1365 497 1389; x_wconf 76' lang='lat' dir='ltr'>religioni</span> <span class='ocrx_word' id='word_1_371' title='bbox 516 1365 605 1383; x_wconf 85' lang='lat' dir='ltr'>dedimus</span> <span class='ocrx_word' id='word_1_372' title='bbox 625 1369 643 1383; x_wconf 88' lang='lat' dir='ltr'>et</span> <span class='ocrx_word' id='word_1_373' title='bbox 663 1365 734 1389; x_wconf 73' lang='lat' dir='ltr'>pittati.</span> <span class='ocrx_word' id='word_1_374' title='bbox 762 1365 819 1383; x_wconf 86' lang='lat' dir='ltr'>Mane</span> <span class='ocrx_word' id='word_1_375' title='bbox 830 1365 844 1387; x_wconf 72' lang='lat'>⁵,</span> <span class='ocrx_word' id='word_1_376' title='bbox 864 1365 897 1383; x_wconf 86' lang='lat' dir='ltr'>ubi</span> <span class='ocrx_word' id='word_1_377' title='bbox 917 1365 1010 1383; x_wconf 85' lang='lat' dir='ltr'>illuxisset</span> <span class='ocrx_word' id='word_1_378' title='bbox 1029 1365 1130 1390; x_wconf 86' lang='lat' dir='ltr'>Sacrisque</span> 
     </span>
     <span class='ocr_line' id='line_1_36' title="bbox 195 1396 1129 1421; baseline 0 -6"><span class='ocrx_word' id='word_1_379' title='bbox 195 1397 271 1416; x_wconf 82' lang='lat' dir='ltr'>litatum</span> <span class='ocrx_word' id='word_1_380' title='bbox 286 1397 324 1421; x_wconf 83' lang='lat' dir='ltr'>jam</span> <span class='ocrx_word' id='word_1_381' title='bbox 339 1401 396 1418; x_wconf 81' lang='lat' dir='ltr'>esset,</span> <span class='ocrx_word' id='word_1_382' title='bbox 415 1396 467 1421; x_wconf 88' lang='lat' dir='ltr'>quod</span> <span class='ocrx_word' id='word_1_383' title='bbox 482 1400 558 1420; x_wconf 89' lang='lat' dir='ltr'>tempus</span> <span class='ocrx_word' id='word_1_384' title='bbox 573 1400 616 1414; x_wconf 86' lang='lat' dir='ltr'>ante</span> <span class='ocrx_word' id='word_1_385' title='bbox 631 1396 733 1420; x_wconf 84' lang='lat' dir='ltr'>prandium</span> <span class='ocrx_word' id='word_1_386' title='bbox 749 1397 815 1414; x_wconf 74' lang='lat' dir='ltr'>datum</span> <span class='ocrx_word' id='word_1_387' title='bbox 831 1396 877 1419; x_wconf 80' lang='lat' dir='ltr'>fuit,</span> <span class='ocrx_word' id='word_1_388' title='bbox 893 1402 915 1414; x_wconf 92' lang='lat' dir='ltr'>eo</span> <span class='ocrx_word' id='word_1_389' title='bbox 930 1402 964 1415; x_wconf 89' lang='lat' dir='ltr'>nos</span> <span class='ocrx_word' id='word_1_390' title='bbox 979 1400 1066 1420; x_wconf 85' lang='lat' dir='ltr'>tempore</span> <span class='ocrx_word' id='word_1_391' title='bbox 1079 1397 1129 1421; x_wconf 78' lang='lat' dir='ltr'>lega-</span> 
     </span>
     <span class='ocr_line' id='line_1_37' title="bbox 195 1427 1130 1452; baseline 0 -6"><span class='ocrx_word' id='word_1_392' title='bbox 195 1428 271 1447; x_wconf 87' lang='lat' dir='ltr'>tionem</span> <span class='ocrx_word' id='word_1_393' title='bbox 291 1427 393 1446; x_wconf 84' lang='lat' dir='ltr'>obivimus.</span> <span class='ocrx_word' id='word_1_394' title='bbox 414 1429 491 1446; x_wconf 84' lang='lat' dir='ltr'>Attente</span> <span class='ocrx_word' id='word_1_395' title='bbox 506 1431 524 1445; x_wconf 87' lang='lat' dir='ltr'>et</span> <span class='ocrx_word' id='word_1_396' title='bbox 538 1427 621 1452; x_wconf 85' lang='lat' dir='ltr'>benigne</span> <span class='ocrx_word' id='word_1_397' title='bbox 635 1428 695 1446; x_wconf 87' lang='lat' dir='ltr'>auditi</span> <span class='ocrx_word' id='word_1_398' title='bbox 714 1433 789 1449; x_wconf 87' lang='lat' dir='ltr'>sumus,</span> <span class='ocrx_word' id='word_1_399' title='bbox 809 1427 971 1451; x_wconf 84' lang='lat' dir='ltr'>excitavimusque</span> <span class='ocrx_word' id='word_1_400' title='bbox 985 1427 1055 1451; x_wconf 86' lang='lat' dir='ltr'>justam</span> <span class='ocrx_word' id='word_1_401' title='bbox 1070 1434 1130 1452; x_wconf 89' lang='lat' dir='ltr'>quan-</span> 
     </span>
     <span class='ocr_line' id='line_1_38' title="bbox 194 1458 1130 1484; baseline -0.001 -6"><span class='ocrx_word' id='word_1_402' title='bbox 194 1460 240 1478; x_wconf 78' lang='lat' dir='ltr'>dum</span> <span class='ocrx_word' id='word_1_403' title='bbox 261 1465 305 1477; x_wconf 87' lang='lat' dir='ltr'>cum</span> <span class='ocrx_word' id='word_1_404' title='bbox 325 1459 427 1484; x_wconf 84' lang='lat' dir='ltr'>lachrymis</span> <span class='ocrx_word' id='word_1_405' title='bbox 446 1458 536 1477; x_wconf 77' lang='lat' dir='ltr'>laetitiam</span> <span class='ocrx_word' id='word_1_406' title='bbox 555 1462 574 1477; x_wconf 84' lang='lat' dir='ltr'>et</span> <span class='ocrx_word' id='word_1_407' title='bbox 588 1459 715 1483; x_wconf 53' lang='lat' dir='ltr'>voluptatem,</span> <span class='ocrx_word' id='word_1_408' title='bbox 735 1464 797 1483; x_wconf 87' lang='lat' dir='ltr'>neque</span> <span class='ocrx_word' id='word_1_409' title='bbox 818 1458 869 1477; x_wconf 80' lang='lat' dir='ltr'>enim</span> <span class='ocrx_word' id='word_1_410' title='bbox 883 1462 915 1477; x_wconf 87' lang='lat' dir='ltr'>aut</span> <span class='ocrx_word' id='word_1_411' title='bbox 929 1462 1037 1477; x_wconf 87' lang='lat' dir='ltr'>maternum</span> <span class='ocrx_word' id='word_1_412' title='bbox 1057 1463 1130 1483; x_wconf 83' lang='lat' dir='ltr'>pectus,</span> 
     </span>
     <span class='ocr_line' id='line_1_39' title="bbox 193 1489 1130 1514; baseline 0 -5"><span class='ocrx_word' id='word_1_413' title='bbox 193 1495 228 1510; x_wconf 78' lang='lat' dir='ltr'>nut</span> <span class='ocrx_word' id='word_1_414' title='bbox 242 1496 333 1509; x_wconf 84' lang='lat' dir='ltr'>sororum</span> <span class='ocrx_word' id='word_1_415' title='bbox 344 1490 351 1502; x_wconf 79' lang='lat'><strong>⁶</strong></span> <span class='ocrx_word' id='word_1_416' title='bbox 367 1489 449 1512; x_wconf 87' lang='lat' dir='ltr'>animus,</span> <span class='ocrx_word' id='word_1_417' title='bbox 464 1495 530 1514; x_wconf 84' lang='lat' dir='ltr'>capere</span> <span class='ocrx_word' id='word_1_418' title='bbox 545 1493 617 1508; x_wconf 71' lang='lat' dir='ltr'>tantam</span> <span class='ocrx_word' id='word_1_419' title='bbox 631 1489 712 1514; x_wconf 86' lang='lat' dir='ltr'>gratiam</span> <span class='ocrx_word' id='word_1_420' title='bbox 727 1489 749 1508; x_wconf 95' lang='lat' dir='ltr'>V.</span> <span class='ocrx_word' id='word_1_421' title='bbox 764 1489 828 1508; x_wconf 85' lang='lat' dir='ltr'>Mtatis</span> <span class='ocrx_word' id='word_1_422' title='bbox 843 1490 884 1508; x_wconf 86' lang='lat' dir='ltr'>sine</span> <span class='ocrx_word' id='word_1_423' title='bbox 898 1490 997 1514; x_wconf 83' lang='lat' dir='ltr'>voluptate</span> <span class='ocrx_word' id='word_1_424' title='bbox 1012 1490 1080 1514; x_wconf 84' lang='lat' dir='ltr'>potuit,</span> <span class='ocrx_word' id='word_1_425' title='bbox 1095 1496 1130 1509; x_wconf 86' lang='lat' dir='ltr'>nec</span> 
     </span>
     <span class='ocr_line' id='line_1_40' title="bbox 191 1519 1146 1548; baseline -0.001 -7"><span class='ocrx_word' id='word_1_426' title='bbox 191 1522 304 1547; x_wconf 78' lang='lat' dir='ltr'>lachrymas</span> <span class='ocrx_word' id='word_1_427' title='bbox 318 1525 382 1540; x_wconf 80' lang='lat' dir='ltr'>tenere</span> <span class='ocrx_word' id='word_1_428' title='bbox 397 1527 433 1546; x_wconf 86' lang='lat' dir='ltr'>pro</span> <span class='ocrx_word' id='word_1_429' title='bbox 447 1527 483 1539; x_wconf 88' lang='lat' dir='ltr'>suo</span> <span class='ocrx_word' id='word_1_430' title='bbox 497 1521 605 1539; x_wconf 89' lang='lat' dir='ltr'>incredibili</span> <span class='ocrx_word' id='word_1_431' title='bbox 619 1521 638 1539; x_wconf 92' lang='lat' dir='ltr'>in</span> <span class='ocrx_word' id='word_1_432' title='bbox 653 1521 675 1539; x_wconf 96' lang='lat' dir='ltr'>V.</span> <span class='ocrx_word' id='word_1_433' title='bbox 691 1519 770 1539; x_wconf 64' lang='lat' dir='ltr'>Mtdtem</span> <span class='ocrx_word' id='word_1_434' title='bbox 785 1521 849 1539; x_wconf 80' lang='lat' dir='ltr'>studio</span> <span class='ocrx_word' id='word_1_435' title='bbox 864 1525 883 1539; x_wconf 90' lang='lat' dir='ltr'>et</span> <span class='ocrx_word' id='word_1_436' title='bbox 896 1521 1024 1539; x_wconf 87' lang='lat' dir='ltr'>observantia.</span> <span class='ocrx_word' id='word_1_437' title='bbox 1045 1521 1131 1540; x_wconf 82' lang='lat' dir='ltr'>Interfuit</span> <span class='ocrx_word' id='word_1_438' title='bbox 1144 1546 1146 1548; x_wconf 20' lang='grc' dir='ltr'><strong>Υ</strong></span> 
     </span>
     <span class='ocr_line' id='line_1_41' title="bbox 189 1552 1131 1578; baseline -0.001 -7"><span class='ocrx_word' id='word_1_439' title='bbox 189 1552 289 1578; x_wconf 77' lang='lat' dir='ltr'>legationi</span> <span class='ocrx_word' id='word_1_440' title='bbox 303 1556 322 1571; x_wconf 83' lang='lat' dir='ltr'>et</span> <span class='ocrx_word' id='word_1_441' title='bbox 336 1552 362 1571; x_wconf 92' lang='lat' dir='ltr'>lll.</span> <span class='ocrx_word' id='word_1_442' title='bbox 383 1552 466 1577; x_wconf 81' lang='lat' dir='ltr'>Sophia,</span> <span class='ocrx_word' id='word_1_443' title='bbox 486 1552 604 1570; x_wconf 90' lang='lat' dir='ltr'>decumbens</span> <span class='ocrx_word' id='word_1_444' title='bbox 622 1552 652 1570; x_wconf 82' lang='lat' dir='ltr'>illa</span> <span class='ocrx_word' id='word_1_445' title='bbox 667 1552 755 1576; x_wconf 89' lang='lat' dir='ltr'>quidem,</span> <span class='ocrx_word' id='word_1_446' title='bbox 775 1552 808 1570; x_wconf 91' lang='lat' dir='ltr'>sed</span> <span class='ocrx_word' id='word_1_447' title='bbox 829 1552 895 1570; x_wconf 80' lang='lat' dir='ltr'>omnia</span> <span class='ocrx_word' id='word_1_448' title='bbox 909 1556 928 1570; x_wconf 86' lang='lat' dir='ltr'>et</span> <span class='ocrx_word' id='word_1_449' title='bbox 941 1552 1021 1571; x_wconf 90' lang='lat' dir='ltr'>audiens</span> <span class='ocrx_word' id='word_1_450' title='bbox 1041 1552 1131 1571; x_wconf 85' lang='lat' dir='ltr'>attentius</span> 
     </span>
     <span class='ocr_line' id='line_1_42' title="bbox 188 1583 1131 1609; baseline -0.003 -4"><span class='ocrx_word' id='word_1_451' title='bbox 188 1589 210 1605; x_wconf 84' lang='lat' dir='ltr'>et</span> <span class='ocrx_word' id='word_1_452' title='bbox 225 1587 321 1609; x_wconf 75' lang='lat' dir='ltr'>reputans</span> <span class='ocrx_word' id='word_1_453' title='bbox 340 1583 461 1608; x_wconf 80' lang='lat' dir='ltr'>diligentius,</span> <span class='ocrx_word' id='word_1_454' title='bbox 482 1583 537 1607; x_wconf 77' lang='lat' dir='ltr'>virgo</span> <span class='ocrx_word' id='word_1_455' title='bbox 557 1583 621 1601; x_wconf 88' lang='lat' dir='ltr'>multis</span> <span class='ocrx_word' id='word_1_456' title='bbox 636 1587 654 1601; x_wconf 91' lang='lat' dir='ltr'>et</span> <span class='ocrx_word' id='word_1_457' title='bbox 668 1583 742 1607; x_wconf 83' lang='lat' dir='ltr'>magnis</span> <span class='ocrx_word' id='word_1_458' title='bbox 763 1583 840 1602; x_wconf 88' lang='lat' dir='ltr'>dotibus</span> <span class='ocrx_word' id='word_1_459' title='bbox 860 1587 937 1606; x_wconf 83' lang='lat' dir='ltr'>ornata,</span> <span class='ocrx_word' id='word_1_460' title='bbox 959 1584 991 1602; x_wconf 86' lang='lat' dir='ltr'>sed</span> <span class='ocrx_word' id='word_1_461' title='bbox 1012 1583 1094 1602; x_wconf 77' lang='lat' dir='ltr'>fortunis</span> <span class='ocrx_word' id='word_1_462' title='bbox 1113 1587 1131 1602; x_wconf 86' lang='lat' dir='ltr'>et</span> 
     </span>
    </p>
   </div>
   <div class='ocr_carea' id='block_1_6' title="bbox 291 1642 384 1644">
    <p class='ocr_par' dir='ltr' id='par_1_6' title="bbox 291 1642 384 1644">
     <span class='ocr_line' id='line_1_43' title="bbox 291 1642 384 1644; baseline 0 0"><span class='ocrx_word' id='word_1_463' title='bbox 291 1642 384 1644; x_wconf 95' lang='lat' dir='ltr'> </span> 
     </span>
    </p>
   </div>
   <div class='ocr_carea' id='block_1_7' title="bbox 184 1641 290 1648">
    <p class='ocr_par' dir='ltr' id='par_1_7' title="bbox 184 1641 290 1648">
     <span class='ocr_line' id='line_1_44' title="bbox 184 1641 290 1648; baseline 0 0"><span class='ocrx_word' id='word_1_464' title='bbox 184 1641 290 1648; x_wconf 95' lang='lat' dir='ltr'> </span> 
     </span>
    </p>
   </div>
   <div class='ocr_carea' id='block_1_8' title="bbox 223 1676 956 1725">
    <p class='ocr_par' dir='ltr' id='par_1_8' title="bbox 223 1676 956 1725">
     <span class='ocr_line' id='line_1_45' title="bbox 226 1676 956 1698; baseline -0.003 -5"><span class='ocrx_word' id='word_1_465' title='bbox 226 1680 231 1691; x_wconf 83' lang='grc' dir='ltr'>ι</span> <span class='ocrx_word' id='word_1_466' title='bbox 259 1678 344 1698; x_wconf 74' lang='lat' dir='ltr'>Podpisani</span> <span class='ocrx_word' id='word_1_467' title='bbox 356 1682 375 1693; x_wconf 74' lang='lat' dir='ltr'>na</span> <span class='ocrx_word' id='word_1_468' title='bbox 386 1678 437 1693; x_wconf 70' lang='lat' dir='ltr'>imam</span> <span class='ocrx_word' id='word_1_469' title='bbox 450 1677 545 1697; x_wconf 75' lang='lat' dir='ltr'>niniejszego</span> <span class='ocrx_word' id='word_1_470' title='bbox 557 1677 598 1692; x_wconf 68' lang='lat' dir='ltr'>ineu.</span> <span class='ocrx_word' id='word_1_471' title='bbox 662 1676 669 1687; x_wconf 84' lang='lat'><strong>¹</strong></span> <span class='ocrx_word' id='word_1_472' title='bbox 686 1676 703 1692; x_wconf 77' lang='lat'>1⁶</span> <span class='ocrx_word' id='word_1_473' title='bbox 715 1677 778 1697; x_wconf 71' lang='lat' dir='ltr'>Aprilis.</span> <span class='ocrx_word' id='word_1_474' title='bbox 841 1677 848 1687; x_wconf 66' lang='grc' dir='ltr'>ι</span> <span class='ocrx_word' id='word_1_475' title='bbox 864 1681 881 1697; x_wconf 88' lang='lat'>17</span> <span class='ocrx_word' id='word_1_476' title='bbox 893 1676 956 1697; x_wconf 58' lang='lat' dir='ltr'>Aptius.</span> 
     </span>
     <span class='ocr_line' id='line_1_46' title="bbox 223 1703 869 1725; baseline -0.003 -4"><span class='ocrx_word' id='word_1_477' title='bbox 223 1707 232 1718; x_wconf 73' lang='grc' dir='ltr'>Ι</span> <span class='ocrx_word' id='word_1_478' title='bbox 258 1706 328 1721; x_wconf 64' lang='lat' dir='ltr'>Bonam.</span> <span class='ocrx_word' id='word_1_479' title='bbox 390 1705 397 1715; x_wconf 65' lang='grc' dir='ltr'><strong>θ</strong></span> <span class='ocrx_word' id='word_1_480' title='bbox 413 1704 431 1721; x_wconf 84' lang='grc' dir='ltr'>ι8</span> <span class='ocrx_word' id='word_1_481' title='bbox 443 1704 506 1725; x_wconf 75' lang='lat' dir='ltr'>Aprilis.</span> <span class='ocrx_word' id='word_1_482' title='bbox 571 1704 578 1715; x_wconf 77' lang='lat'>⁸</span> <span class='ocrx_word' id='word_1_483' title='bbox 593 1703 667 1724; x_wconf 76' lang='lat' dir='ltr'>Sophiae,</span> <span class='ocrx_word' id='word_1_484' title='bbox 679 1703 772 1720; x_wconf 77' lang='lat' dir='ltr'>Cuthnrinae</span> <span class='ocrx_word' id='word_1_485' title='bbox 784 1707 799 1719; x_wconf 81' lang='lat' dir='ltr'>et</span> <span class='ocrx_word' id='word_1_486' title='bbox 810 1704 869 1719; x_wconf 71' lang='lat' dir='ltr'>Annae.</span> 
     </span>
    </p>
   </div>
  </div>
 </body>
</html>
