1465 2093
271 223 307 241 500
635 228 655 241 A.
671 227 832 241 mmmmm.

270 279 366 304 corporali
382 280 495 304 juramento,
510 285 545 304 per
557 279 628 298 Rmum
640 279 727 298 videlicet
741 279 807 298 Dnum
821 279 993 304 Archiepiscopum
1006 279 1010 291 ¹
1025 279 1044 297 in
1056 278 1099 297 Ra,
1115 279 1193 297 unorum

271 310 422 329 Cracoviensis²
441 315 459 329 et
478 310 596 329 Varmiensis
606 311 619 333 ³,
639 314 657 329 et
676 316 710 334 per
729 314 802 328 ceteros
823 310 864 328 RR.
884 310 938 328 Dnos
958 310 1067 334 Episcopus
1087 310 1106 328 in
1121 310 1193 328 aliorum

269 342 412 367 Episcoporum
425 342 513 360 manibus
525 342 683 360 vicissitudinario
695 342 792 366 praestito,
805 341 926 365 singulariter
938 341 1008 366 singuli
1024 341 1042 359 in
1058 341 1116 364 hunc,
1131 341 1193 365 quise·

271 373 342 397 quitur,
357 373 438 391 modum
453 373 605 397 responderunt:

332 410 357 427 Et
371 410 434 434 primo
450 410 510 428 Rmus
522 409 541 427 in
554 409 631 428 Christo
643 413 697 434 pater
710 409 765 427 Dnus
780 403 888 426 Nicolaus
898 410 909 432 ¹,
922 409 956 427 Dei
969 409 1028 433 gratia
1040 408 1194 433 Archiepiscopus

272 440 420 469 Gncsssensis,
440 446 522 470 Legatos
537 450 592 464 natus
606 450 624 464 et
639 446 722 464 primas:

335 477 471 501 Interrogatus,
491 483 537 495 num
558 477 621 495 credat
638 477 727 495 articulos
741 475 799 495 fidei?
820 476 919 501 respondit
933 482 967 501 per
981 476 1072 495 verbum:
1094 476 1156 494 Credo
1169 475 1193 494 fit-

273 508 362 526 missime.

334 539 408 558 Deinde
422 540 560 564 interrogatus,
580 546 625 558 num
641 540 705 558 credat
720 539 808 558 Sanctam
823 539 927 558 Ecclesiam
946 539 1070 561 catholicam,
1090 538 1193 557 Sanctorum

273 571 439 593 communionem,
458 570 519 589 carnis
539 569 706 589 resurrectionem?
727 570 825 594 respondit
839 576 873 594 per
892 571 980 588 verbum:
1001 569 1066 588 Credo
1090 569 1193 588 firmissime.

335 602 380 620 Item
401 602 528 626 interrogatus
543 602 566 620 de
581 601 674 624 Ecclesia,
694 601 727 620 ubi
742 601 777 619 sit?
792 602 899 626 respondit,
914 608 956 620 eam
970 608 1010 620 esse
1025 601 1044 620 in
1060 601 1118 620 coelis
1137 600 1192 619 trium-

273 633 373 657 phantem,
394 633 412 651 in
427 633 481 651 terris
496 633 617 655 militantem,
636 633 656 651 in
671 633 783 657 purgatorio
801 637 947 657 exspectantem.
969 633 1053 651 Ulterius
1071 633 1193 656 interrogatus.

273 670 319 682 num
340 664 412 688 Spiritu
433 664 453 682 S.
468 663 556 689 regatur?
577 664 686 688 respondit:
708 664 792 688 Regitur.
813 664 837 682 Et
857 670 903 682 num
923 664 982 688 possit
1002 662 1076 682 errare?
1096 663 1192 687 respondit:

273 695 316 713 Non
331 699 394 719 potest
408 701 477 717 errare,
492 695 537 720 quia
551 701 607 713 verax
621 699 650 713 est
664 699 682 713 et
696 695 768 720 regitur
785 695 857 719 Spiritu
872 695 891 714 S.
907 695 930 713 Et
945 695 1000 718 dixit,
1020 695 1073 719 quod
1088 698 1131 719 post
1147 694 1192 712 Chri-

273 730 323 744 stum
339 726 357 744 in
371 727 425 745 terris
440 727 491 751 Papa
506 732 538 745 seu
554 726 655 745 Romanus
669 726 757 745 Pontifex
771 730 798 745 est
813 731 870 751 caput
885 726 986 745 Ecclesiae.

337 757 383 776 Item
403 758 540 782 interrogatus,
561 763 607 776 nurn
626 758 690 776 credat
710 757 802 775 Conciliis
817 761 835 776 et
850 757 934 776 Decretis
948 757 1063 775 Sanctorum
1081 761 1162 781 patrum,
1173 756 1191 773 ab

273 788 356 807 Ecclesia
379 789 472 807 catholica
492 788 572 813 receptis
592 792 623 807 aut
643 795 679 807 usu
699 788 777 813 publico
800 787 922 813 approbatis?
945 788 1044 812 respondit
1064 794 1098 812 per
1117 788 1190 806 verbum:

274 820 345 839 Credo.

337 851 391 874 Item,
405 857 429 869 an
444 851 510 874 credit,
524 857 684 875 unumquemque
700 851 762 875 Papae
777 856 795 869 et
809 851 899 869 Praelatis
916 851 955 869 suis
970 854 1050 875 propter
1064 850 1189 871 conscientiam,

274 882 311 901 hoc
326 886 353 901 est
365 883 389 901 de
400 883 510 901 necessitate
524 883 597 905 salutis,
611 882 690 901 obedire
704 887 794 907 oportere
809 883 942 907 interrogatus,
958 882 1058 906 respondit
1072 887 1106 906 per
1116 881 1188 899 verbum:

274 913 348 937 Credo,
369 914 421 938 quod
439 914 529 932 Praelatis
550 914 653 936 Ecclesiae,
673 917 740 938 utputa
759 913 841 932 Summo
862 912 949 931 Pontifici
965 917 983 931 et
997 912 1065 931 ceteris
1084 912 1189 931 inferioribus

275 945 298 963 de
314 945 424 963 necessitate
438 945 503 964 salutis
517 949 544 964 est
558 945 695 964 obediendum.

337 976 365 994 De
385 976 511 1001 dispositione
531 976 613 995 clavium
627 980 645 994 et
659 976 783 1000 indulgentiis
797 975 933 999 interrogatus,
954 975 1053 999 respondit
1071 981 1103 999 per
1116 974 1187 993 verbum:

275 1006 345 1031 Credo,
360 1007 429 1025 merito
443 1007 537 1031 passionis
551 1007 634 1025 Domini
646 1007 706 1025 nostri
720 1007 764 1025 Jesu
779 1006 856 1025 Christi.

338 1038 384 1056 Item
405 1039 542 1063 interrogatus,
562 1045 586 1057 an
601 1038 774 1057 excommunicatio
795 1038 866 1063 obliget
886 1037 1064 1056 excommunicatos
1081 1044 1091 1056 a
1106 1034 1186 1055 Praelazisi

276 1070 374 1094 respondit
388 1075 422 1093 per
436 1069 526 1088 verbum:
541 1069 612 1092 Credo,
627 1070 680 1094 quod
694 1069 740 1094 ligat
754 1073 772 1088 et
786 1069 811 1087 ita
826 1073 881 1087 teneo
896 1073 914 1087 et
929 1069 1016 1087 observo.

339 1100 385 1118 Item
400 1100 536 1125 interrogatus,
556 1100 579 1119 de
593 1100 716 1119 sacramentis
735 1100 830 1119 Ecclesiae
844 1100 890 1125 quid
904 1099 984 1118 sentiat?
1004 1100 1104 1124 respondit
1116 1105 1147 1124 per
1158 1103 1186 1116 ver-

276 1132 331 1149 bum:
351 1131 418 1150 Sentio
433 1132 505 1156 optime
520 1138 559 1150 non
573 1138 636 1155 secus,
657 1138 713 1156 quarn
729 1136 749 1150 ut
763 1132 845 1150 Ecclesia
861 1131 954 1150 catholica
969 1132 1067 1154 observat;
1082 1135 1100 1149 et
1112 1130 1160 1151 dixit,
1172 1135 1186 1147 ea

276 1169 316 1181 esse
335 1166 409 1187 septem
424 1163 443 1181 in
458 1169 546 1181 numero.
567 1163 590 1181 Et
609 1163 687 1181 ulterius
707 1163 843 1187 interrogatus,
863 1169 887 1181 an
905 1163 924 1181 in
938 1166 1059 1181 sacramento
1079 1161 1186 1180 Eucharistiae

276 1194 340 1212 credat
354 1194 452 1212 veritatem
467 1195 554 1219 corporis
569 1199 586 1212 et
600 1195 698 1219 sanguinis
713 1193 795 1213 Christi?
811 1194 910 1218 respondit
925 1200 958 1218 per
972 1194 1064 1212 verbum:
1078 1193 1144 1215 Credo,
1155 1197 1186 1209 vert

276 1229 294 1243 et
311 1226 434 1244 essentialiter
454 1226 473 1247 in
493 1229 612 1244 sacramento
635 1226 765 1244 Eucharistiae
785 1232 824 1244 esse
844 1225 942 1244 veritatem
966 1225 1052 1249 corporis
1072 1229 1090 1243 ct
1108 1222 1187 1248 sanguinis

277 1256 355 1275 Domini
370 1257 430 1275 nostri
445 1257 487 1275 Jesu
503 1256 580 1275 Christi.

340 1288 422 1306 Demum
437 1288 574 1312 interrogatus,
590 1294 635 1306 num
650 1288 724 1310 credat,
738 1288 773 1306 sub
788 1288 845 1306 altera
860 1288 922 1312 specie
938 1288 1015 1306 tandem
1030 1287 1131 1308 contineri,
1143 1290 1187 1310 quan*

277 1323 318 1337 tum
332 1319 367 1337 suh
382 1317 474 1343 utraque?
489 1319 597 1343 respondit:
618 1318 689 1341 Credo,
704 1319 772 1337 virtute
790 1319 892 1337 verborum
908 1319 948 1337 Dei.
968 1319 993 1336 Et
1007 1325 1030 1337 an
1045 1322 1096 1337 extra
1114 1316 1188 1341 sumptio-

277 1356 320 1368 nem
335 1350 359 1368 sit
373 1355 438 1368 verum
454 1355 524 1374 corpus
539 1348 621 1368 Christi?
637 1350 741 1374 respondit,
756 1350 808 1374 quod
824 1354 852 1368 est
866 1354 885 1368 et
898 1350 945 1368 illud
960 1354 1066 1368 veneratur.

340 1381 387 1399 Item
401 1381 539 1405 interrogatus,
553 1387 577 1399 an
592 1381 665 1403 cre-iat,
680 1385 781 1405 utramque
796 1381 879 1405 speciem
895 1385 946 1399 extra
961 1381 1039 1399 Missam
1054 1381 1077 1399 ad
1091 1379 1189 1398 sumendum

277 1418 317 1431 esse
336 1411 474 1431 necessariam?
494 1412 601 1436 respondit:
621 1412 695 1435 Credo,
715 1412 791 1431 unicam
812 1418 852 1431 esse
871 1412 997 1431 necessariam
1017 1416 1035 1430 et
1049 1418 1089 1430 non
1107 1415 1190 1434 utramque

278 1447 329 1461 extra
343 1443 421 1461 Missam
436 1443 577 1462 summendam.

340 1474 386 1493 Item
401 1474 540 1499 interrogatus,
560 1481 583 1492 an
598 1475 747 1493 communicavit
766 1481 817 1493 anno
832 1473 937 1499 praesenti?
956 1475 1057 1499 respondit
1071 1480 1105 1499 per
1118 1474 1193 1492 verbum:

278 1506 425 1525 Communicati
440 1510 491 1524 extra
506 1506 583 1524 Missam
604 1506 640 1524 sub
654 1512 691 1524 una
706 1506 769 1530 specie
783 1510 800 1524 et
815 1506 882 1528 crede,
901 1506 954 1524 laicis
968 1512 1008 1524 non
1023 1512 1064 1524 esse
1084 1504 1194 1524 neeessariam

277 1542 379 1562 utramque
398 1537 487 1561 speciem.
510 1537 533 1555 Et
551 1543 575 1555 an
596 1537 697 1555 celebravit
717 1536 805 1555 Missam?
827 1537 934 1561 respondit:
954 1536 1055 1555 Celebravi
1075 1537 1094 1555 in
1114 1535 1196 1561 principio

278 1569 359 1594 Synodi.
381 1569 405 1587 Et
418 1574 442 1586 an
463 1569 520 1586 etiarn
540 1568 627 1586 subditos
646 1568 728 1586 diocesis
747 1574 792 1586 suae
812 1569 847 1586 sub
868 1572 948 1593 utraque
968 1568 1031 1593 specie
1051 1567 1157 1592 procuravit
1174 1569 1198 1584 aut

278 1600 376 1624 procurari
391 1598 446 1618 fecit?
461 1599 566 1624 respondit,
581 1599 633 1624 quod
648 1605 747 1624 nunquam
763 1604 781 1617 et
795 1600 855 1618 immo
870 1599 942 1617 restitit.

341 1631 386 1649 Item
402 1631 424 1649 de
439 1631 525 1655 partibus
544 1630 672 1655 poenitentiae
688 1631 824 1655 interrogatus,
844 1635 862 1649 et
877 1635 925 1655 quot
939 1631 977 1649 sint
991 1631 1010 1649 in
1025 1637 1117 1653 numero,
1131 1635 1148 1649 et
1162 1635 1202 1654 quas

279 1666 338 1687 ponat
352 1662 480 1686 poenitentiae
495 1661 568 1686 partes?
584 1662 689 1686 respondit,
702 1668 742 1680 esse
753 1666 797 1683 tres.
812 1662 897 1680 videlicet
910 1662 1058 1684 confessionem,
1073 1662 1203 1681 contritionem

315 1719 320 1730 ¹
343 1719 463 1739 nzierzgowskt
527 1719 533 1729 ¹
547 1719 565 1734 Α.
577 1718 704 1738 Zebrzydowski.
768 1719 774 1729 ²
789 1715 873 1733 sxfuosii,
