1465 2093
528 147 666 160 icvls'rut..tuust
682 148 743 163 mum.
757 148 864 161 Arm-mmx-
1129 144 1164 162 555

229 200 332 225 adjuverit,
347 200 362 218 si
378 200 462 224 gladium
477 205 533 218 suum
549 205 587 217 non
603 199 708 223 explicarit,
723 200 737 217 si
752 200 859 218 autoritatis
873 206 918 218 suae
932 200 992 219 aciem
1012 201 1112 219 hebescere
1132 207 1164 225 pa-

213 244 214 247 ,
230 232 294 250 tietur.
314 231 379 253 Quare
393 231 409 249 si
423 231 469 253 hoc,
485 231 537 255 quod
552 231 570 248 in
586 231 620 249 hac
635 237 655 249 re
673 231 768 255 imprimis
788 232 915 250 necessarium
930 236 967 255 est,
987 232 1038 256 prius
1059 232 1165 251 effeceritis,

232 267 254 282 ut
268 263 324 281 nobis
338 266 402 287 erepta
417 262 523 286 jurisdictio
543 262 659 284 restituatur,
680 263 800 287 magistratus
814 263 917 281 sententias
938 267 1012 281 nostras
1028 268 1047 281 ut
1062 267 1165 288 exequatur

231 300 307 318 nosque
322 293 423 312 autoritate
437 299 471 311 sua
486 293 569 318 adjuvet,
583 297 604 311 ut
618 293 672 317 quod
687 300 722 312 nas
737 294 833 316 doctrina,
847 294 912 312 studio
927 300 948 312 ac
962 294 1028 312 labore
1043 298 1109 313 nostro
1124 294 1164 312 effi-

231 331 273 344 cere
288 331 327 344 non
342 331 451 349 possumus,
466 325 506 349 ipse
519 325 585 349 legum
600 329 617 343 et
632 325 742 349 disciplinae
762 329 834 343 terrore
856 325 931 348 efficiat,
954 325 990 344 hoc
1005 326 1083 350 inquam
1103 332 1163 350 quum

230 356 338 379 effeceritis,
358 360 400 375 turn
419 356 498 374 demum
513 356 528 374 si
543 362 621 374 manere
642 356 739 374 vobiscum
760 356 866 379 noluerim,
886 357 993 375 absentiam
1013 363 1076 375 meam
1090 357 1131 381 jure
1146 361 1164 375 et

229 388 298 407 merito
318 387 456 406 accusaveritis.
477 387 515 405 Sed
530 391 573 405 ante
589 387 624 405 boc
640 392 715 412 tempus
737 387 783 405 nihil
798 393 864 406 causae
879 392 929 411 erat,
949 394 983 406 cur
997 388 1015 406 in
1031 388 1082 406 hisce
1102 389 1163 411 rebus,

229 419 249 438 iu
262 419 333 444 quibus
348 425 384 443 ego
400 418 502 436 maximam
522 424 588 436 curam
608 424 743 442 summamque
764 419 882 443 diligentiam
898 419 985 437 Ecclesiis
1006 419 1052 438 meis
1072 420 1163 444 praestiti,

228 456 285 475 grave
305 450 384 475 aliquod
402 450 528 468 accusationis
543 449 615 468 crimen
630 456 669 468 uon
686 450 792 468 necessario
807 450 928 474 quaereretis.
943 450 1014 469 Verum
1035 450 1131 469 absentiae
1145 455 1163 469 et

196 485 199 488 '
228 481 287 500 officii
302 481 339 500 mei
354 481 448 499 rationem
463 481 507 499 satis
527 481 565 505 jam
580 481 634 499 vobis
650 487 689 499 esse
704 481 795 504 arbitror,
816 481 872 500 venio
887 488 938 500 nunc
952 482 976 499 ad
991 488 1033 500 earn
1053 482 1162 506 pecuniam,

227 519 277 538 quae
292 519 302 531 a
317 519 348 531 me
362 512 444 531 fabricae
465 512 544 530 nornine
558 512 648 536 exigitur,
668 516 725 536 atque
744 512 796 535 dico,
813 513 831 530 in
846 513 925 537 hujusce
940 513 993 531 modi
1008 513 1088 537 pecunia
1109 519 1161 537 repe-

225 544 286 563 tenda
302 550 341 562 non
355 544 473 562 mediocrem
488 543 534 561 mihi
550 550 559 561 a
573 543 629 561 vobis
644 543 732 568 injuriam
747 543 794 562 fieri.
809 544 859 562 Nam
873 544 888 562 si
903 543 1005 562 Gamratus
1018 545 1021 556 ¹
1039 547 1057 562 et
1071 544 1161 568 Maciejo-

225 576 268 594 vius
278 575 293 599 ²,
312 575 468 599 religiosissimus
488 574 604 599 Episcopus,
624 581 647 593 rte
662 579 690 593 ter
704 575 783 593 uncium
803 575 881 599 quidem
896 581 956 593 unum
971 575 990 593 in
1005 581 1061 593 usum
1081 574 1161 594 fabricae

221 607 351 629 contulerint,
365 612 402 629 me,
417 606 450 630 qui
464 610 539 624 tantum
553 606 592 630 jam
606 612 640 630 per
656 606 759 624 triennium
774 606 895 629 contulerim,
910 610 1004 630 quantum
1019 606 1125 629 debuerim,
1137 607 1161 625 ad

222 638 264 657 hoc
278 641 308 656 tot
321 643 374 656 arces
385 641 404 656 et
415 637 476 656 curias
491 637 587 661 elegantes
601 643 670 661 magna
684 637 756 661 jactura
771 637 873 662 pecunaria
887 637 1018 660 exstruxerim,
1034 637 1080 662 quid
1093 637 1112 655 in
1124 637 1160 656 hoc

223 670 301 688 crimen
315 669 377 687 vocari
393 667 489 693 oportuit?
505 668 553 687 Utut
566 672 630 686 autern
645 672 681 691 est,
699 674 759 692 quum
774 669 798 687 de
812 675 833 687 ea
848 668 940 693 pecunia,
961 674 1019 693 quam
1033 675 1043 686 a
1058 675 1088 687 me
1107 675 1159 687 acce-

223 701 288 726 pistis,
303 700 398 719 rationem
412 700 457 718 Dno
471 700 547 718 Vicario
563 703 581 718 et
592 700 677 718 vladario
692 704 758 718 nostro
773 699 860 722 feceritis,
876 700 951 724 cognita
966 700 1019 718 omni
1034 700 1107 718 ratione
1120 706 1160 718 non

222 736 309 754 tantum,
324 735 418 756 quantum
433 737 467 749 vos
481 730 625 755 imperat-eritis,
640 731 673 749 sed
688 735 782 755 quantum
797 737 881 755 aequum
896 731 1007 755 justumque
1022 731 1088 754 suerit,
1102 737 1159 756 pecu<

222 763 269 782 niae
290 763 344 781 vobis
363 762 459 781 numerari
480 762 557 781 curabo.
578 761 605 780 De
625 763 745 780 sacerdotum
766 762 886 787 negligentiis
906 763 1002 781 immerito
1021 768 1066 781 sane
1080 769 1091 781 a
1105 763 1159 781 vobis

221 800 312 813 accusor.
332 794 366 812 Est
380 793 475 817 Vicarius,
495 797 523 812 est
538 793 630 812 officialis
645 798 717 817 noster,
737 794 766 812 isti
785 799 818 812 cur
837 794 928 818 judicium
948 794 1038 812 suumin
1052 794 1159 812 sacerdotes

221 826 349 850 neglegentes
369 831 408 843 non
428 823 556 849 expromunt?
576 831 609 843 cur
624 825 727 843 dissolutos
745 825 764 843 in
779 824 844 843 officio
864 831 903 843 non
923 824 1015 843 retinent?
1035 831 1069 843 cur
1082 825 1124 850 jure
1138 831 1159 844 ac

220 860 320 882 potestate
340 862 374 875 sua
388 856 423 875 hac
439 856 458 874 in
473 863 492 874 re
507 862 546 874 non
562 855 654 875 utuntur?
674 857 713 875 Nos
728 856 790 875 multo
810 860 859 875 certe
879 856 986 881 majoribus
1000 860 1018 875 et
1032 856 1127 875 Ecclesiae
1141 860 1160 875 et

220 888 351 913 Reipublicae
371 888 420 906 curis
439 887 564 910 distinemur,
584 893 641 912 quam
657 892 677 906 ut
695 888 793 906 Ministros
812 887 875 906 altaris
895 893 929 912 per
948 888 1015 906 orbem
1035 893 1126 912 quaerere
1141 892 1158 906 et

218 919 315 944 colligere
330 919 443 941 debeamus,
458 925 540 943 quorum
556 919 571 937 si
586 919 634 937 mira
649 919 733 943 paucitas
748 922 784 942 est,
803 925 842 937 non
857 925 919 937 meum
935 919 981 940 hoc,
1000 919 1033 938 sed
1048 922 1158 943 temporum

217 951 294 970 vitium
309 954 342 969 est.
361 952 387 968 At
402 956 441 968 non
456 954 493 973 est,
513 949 546 974 qui
561 950 630 968 Sacros
644 950 721 968 ordines
736 949 830 968 conferat?
854 950 881 968 Ne
896 950 932 968 hoc
947 950 1025 974 quidem
1046 956 1088 968 mea
1102 950 1157 974 culpa

215 982 300 1005 accidit,
315 982 348 1000 sed
363 987 436 1004 eorum,
451 982 483 1006 qui
499 981 617 1005 pontificiam
633 981 745 999 electionem
761 981 779 999 in
792 985 831 999 tani
845 981 925 1006 longum
940 986 1016 1006 tempus
1031 985 1157 1005 extraxerunt,

213 1014 246 1033 ob
261 1019 324 1037 quam
345 1013 478 1037 Suffraganeus
499 1014 577 1031 novus³
597 1012 683 1037 diploma
703 1012 765 1030 adhuc
786 1012 856 1031 habere
877 1019 916 1031 non
935 1013 1003 1037 potuit.
1026 1012 1158 1031 Concionator

213 1045 282 1064 etiam
298 1044 366 1067 dicitis,
380 1050 419 1062 non
432 1048 465 1062 est.
480 1045 505 1062 At
520 1044 564 1062 estis
579 1050 612 1062 vos
626 1044 664 1062 dati
680 1044 699 1062 in
712 1050 761 1067 opus
774 1044 880 1067 ministerii,
894 1044 913 1062 in
925 1044 1077 1063 aedificationem
1093 1044 1157 1062 Eccle-

209 1074 273 1096 siae?
290 1075 331 1094 Cur
345 1076 403 1100 igitur
418 1081 467 1100 opus
483 1075 582 1093 ministerii
598 1081 637 1093 non
651 1074 758 1099 suscipitis?
778 1082 811 1093 cur
825 1075 923 1100 Evangelii
938 1075 1078 1100 praedicatione
1093 1075 1156 1094 Eccle-

207 1108 268 1128 siam
286 1106 359 1125 Christi
374 1113 413 1125 non
428 1105 543 1125 aedificatis?
561 1108 591 1124 An
607 1106 650 1131 quia
666 1106 759 1125 Canonici
775 1106 827 1129 estis,
848 1106 907 1125 facere
922 1107 941 1124 id
956 1106 1004 1125 sorte
1020 1112 1059 1124 non
1074 1106 1156 1125 debetis?

206 1140 291 1163 Longe
303 1144 349 1156 vero
364 1138 457 1156 fallimini.
473 1138 516 1155 Non
532 1137 587 1156 video
602 1143 645 1162 ego,
660 1143 717 1162 quem
733 1137 861 1161 Canonicum,
877 1144 933 1162 quem
946 1138 1085 1162 Praepositum,
1099 1143 1156 1162 quem

203 1172 325 1191 Decanum
339 1170 363 1187 ab
377 1169 412 1187 hac
426 1169 549 1193 praedicandi
565 1169 605 1193 lege
620 1168 707 1187 Christus
721 1169 822 1193 exceperit,
837 1175 897 1193 quum
912 1169 1038 1193 Evangelium
1052 1175 1108 1187 suum
1123 1175 1157 1193 per

202 1202 336 1222 universum
351 1200 417 1218 orbem
432 1200 536 1224 praedicari
552 1204 569 1218 et
583 1200 694 1218 annunciari
710 1200 790 1224 jusserit.
807 1200 911 1224 Legatione
926 1201 955 1218 hic
970 1206 1038 1218 omnes
1053 1206 1088 1224 pro
1100 1199 1156 1218 Chri-

199 1239 240 1254 sto
260 1232 377 1256 fungimur,
396 1236 415 1250 at
429 1232 482 1256 quod
497 1231 548 1249 aliud
563 1231 662 1256 legationis
682 1235 757 1249 nostrae
773 1232 894 1252 mandatum.
915 1232 949 1250 nisi
964 1231 1061 1256 Evangelii
1082 1232 1155 1255 praedi-

199 1262 282 1285 catio?
306 1263 334 1281 Ve
348 1263 403 1286 mihi,
424 1263 486 1287 inquit
501 1263 580 1285 Paulus,
601 1262 615 1280 si
631 1268 670 1280 non
691 1262 854 1287 evangelizavero!
875 1263 914 1281 Nos
934 1263 998 1287 igitur,
1021 1263 1053 1287 qui
1069 1263 1087 1281 in
1103 1263 1155 1281 Pauli

197 1295 404 1322 Apostolorumque
418 1295 482 1313 locum
497 1294 634 1315 successimus,
649 1294 684 1312 nisi
699 1294 825 1318 Evangelium
841 1293 910 1312 Christi
928 1294 1015 1312 similiter
1028 1294 1156 1312 annunciave-

194 1330 285 1349 rimus,
304 1331 344 1350 quo
359 1325 443 1350 ingenio,
458 1332 495 1350 qua
511 1325 606 1348 facundia,
622 1331 658 1350 qua
673 1325 767 1347 oratione,
782 1331 843 1349 quave
858 1325 970 1349 exceptione
985 1325 1034 1343 istud
1046 1325 1074 1343 Ve
1088 1326 1156 1349 depre-

195 1359 247 1380 cari
269 1356 408 1383 potuerimus?
422 1357 466 1375 Non
481 1357 553 1381 pudeat
567 1363 600 1375 vos
615 1356 678 1381 igitur,
693 1356 769 1377 fratres,
785 1357 892 1381 Evangelii,
907 1362 956 1381 quos
971 1363 1010 1375 non
1026 1357 1084 1381 pudet
1099 1357 1156 1375 bene—

194 1391 258 1413 ficii,
277 1388 389 1414 jucundum
404 1392 422 1406 et
436 1388 481 1407 utile
496 1392 524 1406 est
538 1388 561 1406 de
575 1394 632 1412 grege
648 1388 725 1406 Domini
741 1388 803 1406 lanam
819 1394 897 1412 capere,
912 1394 950 1406 non
965 1388 989 1406 sit
1003 1394 1081 1412 quoque
1100 1388 1155 1412 igno-

194 1421 330 1443 miniosurn
345 1425 387 1437 eam
401 1419 500 1444 Evangelii
515 1420 572 1437 verbo
592 1425 674 1443 pascere.
695 1418 739 1441 Qua
754 1419 771 1437 in
788 1425 807 1437 re
821 1425 864 1443 ego,
878 1425 938 1443 quum
953 1419 1038 1442 veniam,
1052 1425 1099 1437 voce
1114 1425 1155 1437 mea

192 1451 321 1481 pastoritia
337 1451 391 1469 vobis
404 1451 489 1475 praeibo,
504 1451 576 1469 interea
591 1455 654 1469 autem
672 1455 744 1469 vestrae
759 1451 850 1468 voluntati
866 1450 967 1474 permitto,
981 1455 1003 1468 ut
1017 1454 1080 1469 utrum
1095 1450 1156 1468 velitis

193 1478 388 1506 Concionat'orem
403 1482 485 1506 elegatis.
507 1484 582 1500 Aure-os
597 1488 640 1500 vero
661 1485 738 1500 centum
759 1487 849 1500 nummos
870 1487 909 1506 quo
923 1481 964 1505 jure
978 1486 1011 1500 aut
1030 1487 1067 1506 qua
1082 1482 1156 1500 ratione

192 1525 207 1537 g
228 1521 270 1535 me
289 1513 392 1537 repetatis,
412 1519 451 1531 non
470 1513 565 1537 intelligo,
587 1513 621 1531 nisi
637 1517 657 1531 ut
672 1513 718 1531 mihi
735 1513 827 1537 majorem
843 1513 950 1531 molestiam
965 1513 1075 1531 exhibeatis.
1098 1512 1155 1531 Certe

192 1550 213 1569 si
238 1539 365 1572 postulandi
385 1545 439 1568 optio
459 1545 581 1569 quorundam
602 1545 694 1563 voluntati
715 1545 806 1569 permissa
827 1544 901 1567 suisset,
924 1544 977 1568 prius
994 1544 1020 1562 illi
1038 1551 1068 1562 rne
1088 1545 1155 1568 procul

194 1578 275 1600 dubio
294 1575 436 1600 repudiassent,
448 1580 466 1594 et
477 1576 564 1600 quemvis
579 1576 637 1594 alium
652 1576 716 1600 potius
731 1582 787 1600 quam
800 1582 830 1594 me
842 1575 980 1600 poposcissent*
995 1575 1079 1594 Calicem
1093 1575 1155 1594 adhuc

192 1618 408 1627 “—

242 1642 249 1653 1
277 1641 346 1656 Petrus.
410 1639 416 1650 ¹
431 1639 500 1654 Samuel.
565 1640 571 1649 ³
586 1639 608 1653 Po
620 1639 682 1654 smierci
694 1638 771 1658 Andneja
782 1638 846 1658 Szputa,
857 1639 868 1658 †
881 1638 899 1653 26
910 1638 977 1659 sierpnia
991 1637 1029 1659 155«)
1041 1643 1048 1653 r
