1465 2093
404 251 498 274 Cei-tam
520 255 589 280 atque
606 250 743 280 descriptam
765 250 827 273 viam
844 251 910 280 sequi
933 258 980 273 non
998 250 1135 281 poterimus;
1159 256 1281 281 utcunque

341 292 432 315 occasio
458 292 567 315 offeretur
589 292 618 315 ad
640 299 711 315 unam
742 292 887 322 eandemque
913 292 1049 322 particulam
1075 292 1184 315 historiae
1211 293 1281 322 plura

341 333 468 363 colligendi,
486 333 622 363 arripiemus
640 341 691 356 eam
709 338 730 356 et
747 341 806 363 quae
822 338 932 363 prompta
949 338 1075 363 parataque
1092 339 1172 363 erunt,
1190 334 1280 364 publici

341 375 452 398 faciemus
468 375 531 405 juris.
553 376 585 398 lta
601 374 694 405 quidem
711 382 784 405 quum
802 375 928 398 novissime
945 374 1071 404 accidisset,
1089 380 1114 398 ut
1131 376 1163 398 Ill.
1180 377 1222 399 Dr.
1237 376 1278 399 W.

340 416 453 439 Wisl‘ocki
469 421 561 439 vastum
582 416 685 439 codicem
702 416 857 447 Epistolarum
879 417 987 440 Andreae
1004 418 1198 447 Zebrzydowski,
1216 425 1280 448 quae

342 458 415 481 Hosio
432 466 554 489 perperam
572 458 736 488 tribuebantur,
753 458 875 488 inveniret,
892 459 941 482 illas
959 458 1074 489 Epistolns
1091 459 1114 482 in
1131 460 1176 482 hoc
1196 459 1277 489 primo

340 500 459 522 volumine
481 500 549 523 edere
572 500 738 523 constituimus.
761 501 835 523 Multa
856 500 880 523 in
896 500 922 523 iis
944 500 1101 530 inveniuntur,
1119 509 1180 531 quae
1199 506 1221 524 et
1239 509 1279 524 ex-

341 546 427 564 tremos
444 549 519 564 annos
544 542 607 571 regni
624 541 765 572 Sigismundi
783 543 791 565 1
808 542 943 572 primosque
961 542 1102 572 Sigismundi
1121 543 1233 573 Augusti,
1257 548 1280 566 et

341 588 426 606 statum
444 583 559 606 Ecclesiae
579 588 601 606 et
618 583 793 613 reformationis,
812 591 870 614 quae
888 584 976 613 dicitur,
994 592 1140 614 progressus,
1152 584 1276 608 illustrant.

404 624 529 654 Sumptum
552 625 646 655 quidem
663 626 692 648 ad
709 626 754 648 hoc
769 625 871 655 primum
893 627 1005 648 volumen
1021 626 1138 649 edendum
1161 626 1278 656 suggessit

341 667 480 690 Academiae
496 667 614 689 literarum
631 667 741 696 Societas,
759 675 819 697 quae
837 667 865 690 de
882 667 991 697 pecunia,
1013 675 1084 698 quam
1102 669 1133 691 lll.
1149 668 1186 691 vir
1202 676 1225 698 p.
1245 676 1277 691 m.

341 709 470 731 Norbertus
487 708 622 732 Bredkreicz
638 708 727 739 reliquit
744 714 765 731 et
782 709 811 731 ad
828 708 945 731 literarum
963 709 1038 732 studia
1055 710 1219 739 promovenda
1236 710 1278 733 de-

341 750 441 779 stinavit,
464 750 622 774 distribuenda
646 751 722 774 statuit
745 756 766 774 et
787 750 895 773 decernit.
922 751 997 781 Hujus
1018 751 1146 774 liberalitati
1168 751 1277 782 egregiae

341 791 383 815 tria
405 792 466 815 milia
488 800 620 815 marcarum
642 792 764 821 debemu57
787 800 858 822 quam
886 792 1008 822 pecuniam
1031 793 1063 815 Ill.
1086 793 1172 816 Comes
1196 793 1278 823 Lipski

341 833 413 856 attulit
435 834 502 857 nobis
519 840 541 857 et
557 834 630 857 solvit.
654 835 721 863 Quae
737 841 794 857 vero
811 833 1012 863 desiderabantur,
1036 842 1063 857 ea
1079 842 1108 857 ex
1125 834 1221 864 Collegii
1242 834 1278 858 hi-

341 875 417 898 storici
439 883 492 899 arca
514 881 607 906 sumpta
623 881 645 898 et
661 876 740 898 addita
756 881 816 898 sunt*

404 918 449 940 Pro
466 917 504 940 illa
521 917 685 946 munificentia,
703 912 763 947 quae
780 917 803 940 in
820 917 877 940 libro
895 918 939 939 hoc
956 917 1046 940 edendo
1070 925 1213 947 magnopere
1231 925 1278 941 nos

341 959 439 989 adjuvit,
463 959 557 982 nomine
574 959 690 982 sociorum
708 959 803 989 Collegii
819 958 919 982 historici
936 959 1020 988 gratias
1037 960 1151 983 maximas
1175 959 1278 989 agimus.

959 1089 1000 1121 Pr.
1022 1088 1054 1122 <J
1072 1088 1178 1136 ρῖῖιφώιι

939 1168 980 1184 Coll.
996 1169 1032 1184 hist.
1047 1169 1095 1184 Αεςιά,
1112 1169 1134 1185 lit.
1147 1170 1200 1184 Prae-s.
