1465 2093
492 203 632 218 mass-omnum
645 204 707 223 nmm,
721 204 806 218 nnxnvz.
1093 206 1115 224 53

178 260 217 273 dae
235 259 260 273 ut
276 255 333 274 illum
348 256 412 274 audiat
426 259 483 280 atquc
497 256 523 275 illi
538 256 607 280 credat,
622 262 670 281 rogo
685 257 743 275 etiam
757 261 813 281 atquc
829 257 892 275 etiarn.
908 257 966 279 Quod
979 261 1072 282 superest,
1084 263 1116 276 cu-

178 285 209 307 io,
227 285 331 305 Dtionem
347 287 369 305 V.
384 287 407 305 R.
423 288 471 307 bene
486 288 547 306 valere
562 292 579 306 et
594 294 624 306 me
639 293 712 310 amare;
731 294 767 313 ego
782 294 840 313 quarn
856 288 906 307 illam
922 294 991 311 amem,
1006 293 1024 307 et
1038 289 1075 307 cito
1090 293 1116 307 te-

178 316 240 335 :abor
260 322 281 337 et
296 319 405 342 perlubens.
427 319 519 343 Hospitio
539 319 588 338 illius
609 319 683 337 etiarnsi
698 325 743 338 usus
758 325 798 338 non
813 319 875 342 fuero,
892 325 931 337 non
946 319 999 338 aliter
1018 324 1082 338 tamen
1096 320 1116 338 in

178 348 227 367 >ltux-1
246 355 305 368 meus
320 350 350 368 hic
364 356 425 374 prope
439 350 540 375 singularis
554 357 608 369 amor
623 351 708 374 exstabit,
723 357 780 375 quam
795 351 810 369 si
824 350 859 369 sim
875 357 926 369 usus.
946 350 1023 369 Datum.

201 426 242 446 101
247 442 252 447 .
471 429 564 451 Bonae,
577 429 691 453 Reginae
706 430 832 448 Poloniae

769 476 792 494 In
807 476 884 501 Raciqff,
899 476 925 494 ίη.
941 476 1045 495 Decembri
1060 477 1116 495 1540.

247 511 316 533 Quum
330 512 405 534 scirem,
421 512 554 531 Cubicularios
568 518 616 537 quas
630 512 693 531 literas
709 519 719 531 a
735 512 860 531 Senatoribus
874 512 976 537 accipiunt,
991 518 1022 531 eas
1036 513 1055 531 in
1067 512 1117 531 Cen-

182 542 260 560 cellaria
280 543 361 561 reddere
375 543 445 566 solere,
465 549 486 562 ac
502 547 617 566 metuerem,
637 550 660 562 ne
675 544 728 565 haec.
743 550 791 568 quae
806 550 848 562 sum
863 544 976 568 scripturus,
996 550 1039 562 casu
1054 544 1118 568 aliquo

186 573 211 590 ad
224 579 271 598 quas
286 574 359 592 nollem
374 580 441 593 manus
455 575 575 598 devenirent,
591 579 699 599 exspectare
714 581 817 600 parumper
831 575 892 598 volui,
910 575 956 593 dum
971 581 990 593 se
1005 575 1047 599 quis
1066 582 1118 594 com-

191 604 263 623 modior
277 605 387 628 obtulisset·,
408 606 461 630 quod
476 606 495 624 ni
510 606 568 629 fieret,
584 612 648 625 meum
663 610 707 625 tunc
723 613 732 625 e
747 606 825 631 vestigio
840 606 940 625 misissem.
963 606 1001 625 Sed
1016 606 1085 625 obtulit
1099 613 1119 625 se

195 636 312 654 commodum
328 636 350 654 R.
365 636 422 655 Pater
436 636 585 656 Commissarius
599 638 612 660 Ι,
627 643 665 662 quo
680 638 719 656 dari
734 638 811 661 melior,
826 638 855 656 vel
870 641 949 662 propter
963 644 1025 656 meam
1040 638 1060 656 in
1075 644 1118 656 eum

198 666 347 690 benevolentiam,
362 667 390 686 vel
405 672 484 692 propter
498 674 554 687 suum
570 669 589 687 in
604 675 634 687 me
648 675 735 687 amorem
751 668 847 693 fidemque
862 669 881 687 in
894 668 913 687 S.
927 669 1006 687 Mtatem
1018 669 1047 691 V.,
1061 675 1118 687 nemo

202 698 258 721 potuit.
272 697 375 722 Cuperem,
390 705 452 723 neque
467 699 485 717 id
500 700 534 718 abs
548 706 567 718 re
582 700 673 723 fortassis,
694 704 715 718 ut
729 700 751 718 iis
765 700 854 718 ornnibus
869 700 950 725 Legatis,
971 706 1019 724 quos
1033 706 1069 719 suo
1084 707 1119 719 no-

206 729 245 747 mine
256 730 277 747 ad
291 729 433 748 territoriorum
449 730 559 749 Conventus
575 731 654 749 missura
668 735 697 750 est
710 731 733 749 R.
747 731 803 754 Mtas,
818 731 925 754 mandetur,
939 735 960 750 ut
974 737 1034 756 quum
1046 732 1120 756 equites

209 760 246 784 ipsos
260 761 328 779 hortati
343 762 366 779 de
381 767 435 780 more
450 761 525 785 fuerint,
546 763 630 781 Nuncius
645 767 666 781 ut
680 762 747 781 futuris
762 761 851 781 Comitiis
869 762 970 786 designent
984 762 1034 780 viros
1048 768 1120 787 graves,

212 797 270 810 :uorum
287 792 365 815 oblitos,
385 793 510 817 Reipublicae
530 794 625 812 studiosos
646 794 805 816 conmodorum,
825 793 896 812 addant
911 793 957 811 illud
973 799 1060 818 quoque,
1079 794 1120 818 ejus

214 822 252 841 etiam
268 823 286 841 in
306 824 426 848 designando
449 824 542 843 rationem
557 829 577 843 ut
591 825 680 847 habeant,
704 820 730 843 ne>
742 824 774 849 qui
794 824 888 849 designati
908 824 984 847 suerint,
1007 824 1120 849 indignitate

215 857 252 878 atque
263 855 352 873 molestiis
366 855 482 879 importunis
497 856 576 874 Mtatem
592 856 613 874 R.
628 856 718 874 afficiant>
738 856 768 874 Ad
782 860 888 874 extremum
906 860 970 874 autem
991 859 1084 880 quaerant
1098 862 1119 874 ex

216 885 291 909 equitibus,
304 892 336 908 an,
348 892 396 910 quae
408 892 437 905 res
449 890 493 905 sunt
504 888 634 911 superioribus
647 887 735 906 Con-uitiis
745 887 752 899 ²
766 893 809 905 cum
822 886 886 905 Mtatis
896 886 945 905 Suae
954 886 1067 911 indignitate
1079 891 1120 905 tcn·

217 919 253 939 tatae,
259 916 304 940 jussu
314 921 347 936 aut
358 917 436 936 arbitrio
448 918 507 936 totius
517 918 589 936 ordinis
600 918 649 936 illius
662 922 749 942 sumptae
761 918 836 936 suerint.
849 917 967 942 intelligetur
976 917 1020 936 hinc
1030 918 1119 941 fortassis,

219 952 243 965 use
253 953 300 972 quam
316 948 405 972 plurima,
425 955 474 973 quae
489 949 558 968 Nuntii
574 955 613 968 non
628 949 725 968 voluntate
745 955 808 973 neque
822 948 902 967 arbitrio
917 949 1027 967 Nobilitatis
1046 949 1120 967 soleant

220 983 274 1002 sumere,
286 980 319 997 sed
333 984 367 998 aut
381 985 416 998 suo
431 980 516 1004 ipsorum
537 981 642 999 commodo
656 984 689 999 aut
702 980 772 1005 gratia,
792 980 861 998 odiove
875 980 955 1004 alicujus
974 980 1050 998 adducti
1065 984 1121 1004 atque

220 1008 308 1029 inflammati.
330 1010 408 1029 Datum.

238 1082 266 1102 ¹02.
303 1085 423 1104 Andreae
436 1085 529 1104 comm
541 1085 569 1104 in
581 1085 672 1107 Gon-ta,
684 1085 829 1104 castellano
841 1085 1018 1104 Posnaniensi.

734 1131 756 1150 In
771 1132 851 1156 Racing
866 1137 930 1150 mense
944 1131 1049 1150 Decembri
1063 1132 1121 1149 154⁶:

261 1167 357 1192 Nunquam
379 1169 519 1193 praetermitto,
539 1169 585 1193 quin
600 1169 675 1193 quoties
695 1168 756 1186 isthuc
777 1168 872 1192 quispiam
887 1174 910 1186 ex
924 1168 971 1186 meis
991 1167 1123 1192 proficiscitur,

223 1202 255 1216 meas
265 1199 283 1217 ad
297 1199 323 1217 111.
339 1200 406 1218 Mtiam
421 1200 444 1218 V.
459 1200 532 1222 afferat,
547 1200 600 1224 quod
615 1200 693 1224 quidem
711 1206 770 1224 quum
786 1199 843 1222 facio,
861 1199 886 1217 ita
902 1199 949 1217 facio
963 1199 1038 1221 lubens,
1058 1203 1079 1217 ut
1092 1199 1122 1217 vix

222 1228 277 1254 (ivitque
295 1231 399 1255 lubentius3
420 1231 487 1249 vellern
503 1232 553 1250 enirn
568 1231 664 1256 inprimis,
684 1231 737 1249 omni
752 1231 811 1249 modo
825 1234 882 1255 atque
897 1230 969 1248 ratione
982 1230 1123 1249 testatissimam

221 1258 260 1279 facere
271 1268 330 1280 meam
343 1262 362 1280 in
375 1262 402 1280 111.
415 1262 481 1281 Mtiam
494 1263 516 1281 V,
528 1262 674 1281 observantiam.
689 1262 743 1280 Nunc
758 1261 806 1280 adeo
821 1267 881 1286 quum
896 1261 1050 1286 proficisceretur
1061 1261 1123 1280 isthuc

220 1289 316 1311 Sebastianus
332 1293 428 1316 Palencki,
443 1300 503 1318 nepos
518 1300 540 1312 ex
554 1300 619 1312 sorore
629 1293 636 1304 ³
651 1299 711 1316 meus,
726 1299 747 1311 ut
761 1299 837 1311 causam
852 1299 871 1311 se
886 1292 933 1311 mihi
947 1293 999 1317 apud
1015 1292 1041 1310 lll.
1056 1292 1122 1311 Mtiam

220 1320 299 1342 V.habere
314 1324 392 1343 dixisset
406 1330 449 1343 cum
465 1325 555 1349 Philippo
570 1324 676 1347 Palcnczki,
697 1324 753 1342 fratre
768 1324 859 1348 patruele,
880 1323 931 1342 volui
950 1328 967 1342 et
985 1324 1038 1342 illum
1060 1324 1123 1348 ipsum

216 1357 298 1373 “cauum
313 1355 354 1380 ejus
366 1355 393 1374 111.
408 1355 466 1374 Mtiae
477 1355 499 1374 V.
515 1356 656 1374 commendare.
672 1355 754 1374 Causam
770 1355 848 1380 quidem
863 1355 915 1380 quod
929 1355 999 1379 justam
1017 1361 1056 1374 esse
1072 1356 1122 1380 apud

214 1390 235 1403 me
244 1392 350 1410 persuasum
365 1387 434 1410 habeo,
448 1387 548 1406 hominem
563 1393 615 1410 vero,
630 1387 661 1412 qui
677 1393 736 1411 quum
751 1391 769 1405 et
783 1387 894 1405 adolescens
908 1386 970 1405 adhuc
985 1390 1003 1404 et
1018 1392 1070 1404 rncus
1091 1393 1123 1405 ne>

210 1422 240 1440 pus,
259 1422 276 1436 et
288 1418 312 1436 ad
328 1418 440 1443 quotidiana
463 1419 555 1443 obsequia
576 1419 622 1437 mihi
637 1418 660 1437 sit
675 1418 797 1441 necessarius,
819 1424 869 1442 opus
889 1418 946 1436 habet
966 1424 1007 1436 rnea
1022 1418 1073 1442 apud
1096 1417 1122 1436 Ill.

206 1447 261 1467 Mtiam
274 1449 296 1468 V.
317 1450 493 1468 commendatione>
514 1450 578 1474 ltaque
593 1454 614 1468 ut
628 1450 681 1468 illum
699 1450 728 1468 vel
748 1449 806 1474 ipsius
820 1449 839 1467 in
854 1455 910 1468 causa
925 1449 1017 1473 aequitas,
1037 1448 1067 1467 vel
1081 1454 1123 1467 mea

204 1479 252 1498 etium
265 1481 415 1502 commendatio.
429 1481 458 1499 vel
474 1485 576 1505 utrumque
591 1480 616 1499 ita
630 1481 690 1505 juvet,
704 1485 724 1499 ut
739 1481 776 1499 cito
791 1480 815 1498 ad
830 1486 860 1498 me
878 1484 897 1498 et
911 1486 932 1498 ex
947 1480 1012 1498 animo
1033 1479 1123 1498 confectis

200 1511 251 1529 rebus
263 1512 339 1533 redeat,
360 1517 407 1536 rogo
425 1512 530 1536 plurimum
546 1512 572 1530 111.
587 1512 654 1530 Mtiam
669 1512 698 1534 V.‚
713 1518 761 1536 quae
776 1516 796 1530 ut
810 1518 840 1530 me
856 1511 920 1529 favore
940 1511 972 1529 illo
990 1515 1047 1535 utque
1064 1510 1123 1534 gratia

197 1543 339 1567 complectatur,
355 1548 413 1567 quam
428 1543 474 1561 mihi
489 1549 523 1567 per
537 1543 631 1568 quosdam
646 1549 691 1561 suos
705 1542 827 1567 significavit,
842 1543 964 1561 vehementer
979 1542 1042 1566 cupio.
1064 1541 1094 1560 Me
1109 1541 1123 1560 si

193 1575 216 1593 ad
228 1574 324 1598 obsequia
346 1574 450 1598 aliquando
470 1581 503 1593 sua
523 1574 686 1597 accomodaverit,
707 1580 746 1592 rem
762 1574 807 1592 mihi
828 1573 883 1592 faciet
902 1579 995 1598 perquam
1015 1573 1124 1597 jucundam.

191 1606 267 1625 Datum.

221 1675 226 1685 Ι
248 1673 362 1689 Lisrnaninus.
455 1675 461 1684 ⁴¹
476 1674 494 1689 Α.
509 1673 569 1694 1545lt3.
583 1676 585 1678 “

217 1702 224 1713 ²
246 1699 341 1716 Camarina
353 1700 482 1720 Zebrzydowska.
496 1700 576 1720 Paprocki,
589 1699 670 1715 Niesiecki,
