<?xml version="1.0" encoding="UTF-8"?>
<!DOCTYPE html PUBLIC "-//W3C//DTD XHTML 1.0 Transitional//EN"
    "http://www.w3.org/TR/xhtml1/DTD/xhtml1-transitional.dtd">
<html xmlns="http://www.w3.org/1999/xhtml" xml:lang="en" lang="en">
 <head>
  <title>
</title>
<meta http-equiv="Content-Type" content="text/html;charset=utf-8" />
  <meta name='ocr-system' content='tesseract 3.04.00' />
  <meta name='ocr-capabilities' content='ocr_page ocr_carea ocr_par ocr_line ocrx_word'/>
</head>
<body>
  <div class='ocr_page' id='page_1' title='image "actahistoricare06ulangoog_0576.png"; bbox 0 0 1465 2093; ppageno 0'>
   <div class='ocr_carea' id='block_1_1' title="bbox 529 206 1166 229">
    <p class='ocr_par' dir='ltr' id='par_1_1' title="bbox 529 206 1166 229">
     <span class='ocr_line' id='line_1_1' title="bbox 529 206 1166 229; baseline -0.003 -5"><span class='ocrx_word' id='word_1_1' title='bbox 529 210 670 224; x_wconf 70' lang='lat' dir='ltr'>tPtSTOhABma</span> <span class='ocrx_word' id='word_1_2' title='bbox 683 210 744 227; x_wconf 57' lang='lat' dir='ltr'>mmm,</span> <span class='ocrx_word' id='word_1_3' title='bbox 758 210 865 223; x_wconf 61' lang='lat' dir='ltr'>mmmmm.</span> <span class='ocrx_word' id='word_1_4' title='bbox 1131 206 1166 229; x_wconf 79' lang='lat'>537</span> 
     </span>
    </p>
   </div>
   <div class='ocr_carea' id='block_1_2' title="bbox 264 292 1020 349">
    <p class='ocr_par' dir='ltr' id='par_1_2' title="bbox 264 292 1020 349">
     <span class='ocr_line' id='line_1_2' title="bbox 264 292 1020 317; baseline 0.001 -5"><span class='ocrx_word' id='word_1_5' title='bbox 264 292 302 312; x_wconf 67' lang='lat'>³64.</span> <span class='ocrx_word' id='word_1_6' title='bbox 388 294 493 317; x_wconf 69' lang='lat' dir='ltr'>Legatio</span> <span class='ocrx_word' id='word_1_7' title='bbox 508 294 537 312; x_wconf 81' lang='lat' dir='ltr'>A.</span> <span class='ocrx_word' id='word_1_8' title='bbox 551 294 696 313; x_wconf 75' lang='lat' dir='ltr'>Zebridovii</span> <span class='ocrx_word' id='word_1_9' title='bbox 710 296 734 313; x_wconf 83' lang='lat' dir='ltr'>et</span> <span class='ocrx_word' id='word_1_10' title='bbox 748 294 851 313; x_wconf 74' lang='lat' dir='ltr'>Martini</span> <span class='ocrx_word' id='word_1_11' title='bbox 866 294 1020 313; x_wconf 72' lang='lat' dir='ltr'>Zborovvski</span> 
     </span>
     <span class='ocr_line' id='line_1_3' title="bbox 542 325 858 349; baseline 0 -5"><span class='ocrx_word' id='word_1_12' title='bbox 542 325 576 344; x_wconf 76' lang='lat' dir='ltr'>ad</span> <span class='ocrx_word' id='word_1_13' title='bbox 590 325 719 349; x_wconf 66' lang='lat' dir='ltr'>Reginam</span> <span class='ocrx_word' id='word_1_14' title='bbox 734 326 836 345; x_wconf 82' lang='lat' dir='ltr'>Bonam</span> <span class='ocrx_word' id='word_1_15' title='bbox 849 326 858 344; x_wconf 90' lang='lat'>¹.</span> 
     </span>
    </p>
   </div>
   <div class='ocr_carea' id='block_1_3' title="bbox 996 373 1165 390">
    <p class='ocr_par' dir='ltr' id='par_1_3' title="bbox 996 373 1165 390">
     <span class='ocr_line' id='line_1_4' title="bbox 996 373 1165 390; baseline 0 0"><span class='ocrx_word' id='word_1_16' title='bbox 996 383 1018 385; x_wconf 98' lang='lat'><strong>—</strong></span> <span class='ocrx_word' id='word_1_17' title='bbox 1035 383 1058 386; x_wconf 85' lang='lat'><strong>—</strong></span> <span class='ocrx_word' id='word_1_18' title='bbox 1073 378 1091 390; x_wconf 89' lang='lat' dir='ltr'>a.</span> <span class='ocrx_word' id='word_1_19' title='bbox 1106 373 1165 390; x_wconf 77' lang='lat'><em>1555.</em></span> 
     </span>
    </p>
   </div>
   <div class='ocr_carea' id='block_1_4' title="bbox 264 408 1167 1622">
    <p class='ocr_par' dir='ltr' id='par_1_4' title="bbox 264 408 1165 495">
     <span class='ocr_line' id='line_1_5' title="bbox 293 408 1165 433; baseline -0.001 -6"><span class='ocrx_word' id='word_1_20' title='bbox 293 409 396 427; x_wconf 71' lang='lat' dir='ltr'>instructio</span> <span class='ocrx_word' id='word_1_21' title='bbox 412 415 422 427; x_wconf 86' lang='lat' dir='ltr'>a</span> <span class='ocrx_word' id='word_1_22' title='bbox 437 409 563 427; x_wconf 78' lang='lat' dir='ltr'>Senatoribus</span> <span class='ocrx_word' id='word_1_23' title='bbox 584 409 644 433; x_wconf 76' lang='lat' dir='ltr'>Regni</span> <span class='ocrx_word' id='word_1_24' title='bbox 666 409 716 427; x_wconf 84' lang='lat' dir='ltr'>Rmo</span> <span class='ocrx_word' id='word_1_25' title='bbox 731 409 776 427; x_wconf 84' lang='lat' dir='ltr'>Dno</span> <span class='ocrx_word' id='word_1_26' title='bbox 791 409 880 427; x_wconf 79' lang='lat' dir='ltr'>Andreae</span> <span class='ocrx_word' id='word_1_27' title='bbox 895 409 1048 432; x_wconf 78' lang='lat' dir='ltr'>Zebrzidowski,</span> <span class='ocrx_word' id='word_1_28' title='bbox 1068 408 1165 433; x_wconf 75' lang='lat' dir='ltr'><strong>Episcopo</strong></span> 
     </span>
     <span class='ocr_line' id='line_1_6' title="bbox 264 440 1165 463; baseline 0 -5"><span class='ocrx_word' id='word_1_29' title='bbox 264 440 363 463; x_wconf 69' lang='lat' dir='ltr'>oeoviensi,</span> <span class='ocrx_word' id='word_1_30' title='bbox 384 444 402 459; x_wconf 87' lang='lat' dir='ltr'>et</span> <span class='ocrx_word' id='word_1_31' title='bbox 417 440 500 458; x_wconf 86' lang='lat' dir='ltr'>Martino</span> <span class='ocrx_word' id='word_1_32' title='bbox 515 440 638 463; x_wconf 79' lang='lat' dir='ltr'>Zborowski,</span> <span class='ocrx_word' id='word_1_33' title='bbox 659 441 746 459; x_wconf 77' lang='lat' dir='ltr'>Palatino</span> <span class='ocrx_word' id='word_1_34' title='bbox 761 440 879 463; x_wconf 71' lang='lat' dir='ltr'>Calissicnsi,</span> <span class='ocrx_word' id='word_1_35' title='bbox 899 441 923 459; x_wconf 84' lang='lat' dir='ltr'>ad</span> <span class='ocrx_word' id='word_1_36' title='bbox 937 440 1082 459; x_wconf 82' lang='lat' dir='ltr'>Serenissimam</span> <span class='ocrx_word' id='word_1_37' title='bbox 1097 440 1165 458; x_wconf 88' lang='lat' dir='ltr'>Domi-</span> 
     </span>
     <span class='ocr_line' id='line_1_7' title="bbox 264 471 659 495; baseline 0 -6"><span class='ocrx_word' id='word_1_38' title='bbox 264 477 276 490; x_wconf 88' lang='lat' dir='ltr'>n</span> <span class='ocrx_word' id='word_1_39' title='bbox 291 471 372 493; x_wconf 72' lang='lat' dir='ltr'>Bonam,</span> <span class='ocrx_word' id='word_1_40' title='bbox 387 471 481 495; x_wconf 78' lang='lat' dir='ltr'>Reginam</span> <span class='ocrx_word' id='word_1_41' title='bbox 496 471 595 492; x_wconf 81' lang='lat' dir='ltr'>Poloniae.</span> <span class='ocrx_word' id='word_1_42' title='bbox 609 472 659 489; x_wconf 78' lang='lat' dir='ltr'>data.</span> 
     </span>
    </p>

    <p class='ocr_par' dir='ltr' id='par_1_5' title="bbox 264 502 1167 1622">
     <span class='ocr_line' id='line_1_8' title="bbox 293 502 1164 527; baseline 0 -7"><span class='ocrx_word' id='word_1_43' title='bbox 293 502 356 525; x_wconf 83' lang='lat' dir='ltr'>Quam</span> <span class='ocrx_word' id='word_1_44' title='bbox 377 509 399 520; x_wconf 82' lang='lat' dir='ltr'>ex</span> <span class='ocrx_word' id='word_1_45' title='bbox 420 503 456 521; x_wconf 82' lang='lat' dir='ltr'>hoc</span> <span class='ocrx_word' id='word_1_46' title='bbox 474 503 542 527; x_wconf 83' lang='lat' dir='ltr'>Regno</span> <span class='ocrx_word' id='word_1_47' title='bbox 562 503 682 527; x_wconf 73' lang='lat' dir='ltr'>migrationis</span> <span class='ocrx_word' id='word_1_48' title='bbox 702 503 809 522; x_wconf 62' lang='lat' dir='ltr'>lacultatem</span> <span class='ocrx_word' id='word_1_49' title='bbox 824 503 844 521; x_wconf 76' lang='lat' dir='ltr'>S.</span> <span class='ocrx_word' id='word_1_50' title='bbox 859 503 907 521; x_wconf 57' lang='grc' dir='ltr'>ΜΝΞ</span> <span class='ocrx_word' id='word_1_51' title='bbox 923 503 945 521; x_wconf 91' lang='lat' dir='ltr'>V.</span> <span class='ocrx_word' id='word_1_52' title='bbox 960 509 969 520; x_wconf 77' lang='lat' dir='ltr'>a</span> <span class='ocrx_word' id='word_1_53' title='bbox 984 503 1003 520; x_wconf 92' lang='lat' dir='ltr'>S.</span> <span class='ocrx_word' id='word_1_54' title='bbox 1020 503 1071 526; x_wconf 76' lang='lat' dir='ltr'>Rege</span> <span class='ocrx_word' id='word_1_55' title='bbox 1092 507 1164 525; x_wconf 80' lang='lat' dir='ltr'>nostro,</span> 
     </span>
     <span class='ocr_line' id='line_1_9' title="bbox 264 531 1164 558; baseline -0.001 -6"><span class='ocrx_word' id='word_1_56' title='bbox 264 540 271 552; x_wconf 72' lang='lat' dir='ltr'>n</span> <span class='ocrx_word' id='word_1_57' title='bbox 284 540 321 552; x_wconf 89' lang='lat' dir='ltr'>suo</span> <span class='ocrx_word' id='word_1_58' title='bbox 335 533 461 557; x_wconf 69' lang='lat' dir='ltr'>charissimo,</span> <span class='ocrx_word' id='word_1_59' title='bbox 476 540 510 558; x_wconf 88' lang='lat' dir='ltr'>per</span> <span class='ocrx_word' id='word_1_60' title='bbox 525 531 589 553; x_wconf 75' lang='lat' dir='ltr'>Duum</span> <span class='ocrx_word' id='word_1_61' title='bbox 604 534 712 553; x_wconf 75' lang='lat' dir='ltr'>Palatinum</span> <span class='ocrx_word' id='word_1_62' title='bbox 727 534 903 553; x_wconf 70' lang='lat' dir='ltr'>Santlomiriensem</span> <span class='ocrx_word' id='word_1_63' title='bbox 914 534 921 546; x_wconf 58' lang='grc' dir='ltr'>’Ζ</span> <span class='ocrx_word' id='word_1_64' title='bbox 935 534 995 558; x_wconf 83' lang='lat' dir='ltr'>petiit,</span> <span class='ocrx_word' id='word_1_65' title='bbox 1016 540 1057 552; x_wconf 85' lang='lat' dir='ltr'>eam</span> <span class='ocrx_word' id='word_1_66' title='bbox 1073 533 1164 558; x_wconf 85' lang='lat' dir='ltr'>quoniam</span> 
     </span>
     <span class='ocr_line' id='line_1_10' title="bbox 264 564 1165 591; baseline -0.001 -8"><span class='ocrx_word' id='word_1_67' title='bbox 264 571 273 584; x_wconf 81' lang='grc' dir='ltr'>ι</span> <span class='ocrx_word' id='word_1_68' title='bbox 286 571 308 583; x_wconf 80' lang='lat' dir='ltr'>ex</span> <span class='ocrx_word' id='word_1_69' title='bbox 322 571 358 584; x_wconf 89' lang='lat' dir='ltr'>suo</span> <span class='ocrx_word' id='word_1_70' title='bbox 372 565 452 583; x_wconf 83' lang='lat' dir='ltr'>arbitrio</span> <span class='ocrx_word' id='word_1_71' title='bbox 467 569 524 589; x_wconf 87' lang='lat' dir='ltr'>atque</span> <span class='ocrx_word' id='word_1_72' title='bbox 539 566 636 584; x_wconf 71' lang='lat' dir='ltr'>voluntate</span> <span class='ocrx_word' id='word_1_73' title='bbox 651 565 718 591; x_wconf 79' lang='lat' dir='ltr'>(quam</span> <span class='ocrx_word' id='word_1_74' title='bbox 733 566 751 584; x_wconf 93' lang='lat' dir='ltr'>in</span> <span class='ocrx_word' id='word_1_75' title='bbox 767 566 857 584; x_wconf 85' lang='lat' dir='ltr'>omnibus</span> <span class='ocrx_word' id='word_1_76' title='bbox 872 566 928 583; x_wconf 88' lang='lat' dir='ltr'>rebus</span> <span class='ocrx_word' id='word_1_77' title='bbox 943 565 962 583; x_wconf 88' lang='lat' dir='ltr'>S.</span> <span class='ocrx_word' id='word_1_78' title='bbox 978 565 1031 583; x_wconf 79' lang='lat' dir='ltr'>Mtati</span> <span class='ocrx_word' id='word_1_79' title='bbox 1047 565 1069 582; x_wconf 90' lang='lat' dir='ltr'>V.</span> <span class='ocrx_word' id='word_1_80' title='bbox 1084 564 1165 583; x_wconf 80' lang='lat' dir='ltr'>libenter</span> 
     </span>
     <span class='ocr_line' id='line_1_11' title="bbox 264 596 1164 622; baseline -0.002 -7"><span class='ocrx_word' id='word_1_81' title='bbox 264 597 328 620; x_wconf 78' lang='lat' dir='ltr'>erret),</span> <span class='ocrx_word' id='word_1_82' title='bbox 348 597 382 615; x_wconf 86' lang='lat' dir='ltr'>sed</span> <span class='ocrx_word' id='word_1_83' title='bbox 396 603 418 615; x_wconf 87' lang='lat' dir='ltr'>ex</span> <span class='ocrx_word' id='word_1_84' title='bbox 433 597 543 619; x_wconf 61' lang='lat' dir='ltr'>rationibus,</span> <span class='ocrx_word' id='word_1_85' title='bbox 559 597 707 622; x_wconf 83' lang='lat' dir='ltr'>commodisque</span> <span class='ocrx_word' id='word_1_86' title='bbox 722 597 762 621; x_wconf 85' lang='lat' dir='ltr'>ejus</span> <span class='ocrx_word' id='word_1_87' title='bbox 778 597 838 622; x_wconf 84' lang='lat' dir='ltr'>Regni</span> <span class='ocrx_word' id='word_1_88' title='bbox 858 597 942 621; x_wconf 79' lang='lat' dir='ltr'>pendere</span> <span class='ocrx_word' id='word_1_89' title='bbox 963 596 1084 619; x_wconf 81' lang='lat' dir='ltr'>existimavit,</span> <span class='ocrx_word' id='word_1_90' title='bbox 1105 599 1164 614; x_wconf 88' lang='lat' dir='ltr'>totam</span> 
     </span>
     <span class='ocr_line' id='line_1_12' title="bbox 264 626 1164 652; baseline -0.001 -7"><span class='ocrx_word' id='word_1_91' title='bbox 264 633 273 646; x_wconf 76' lang='grc' dir='ltr'>ι</span> <span class='ocrx_word' id='word_1_92' title='bbox 287 627 383 646; x_wconf 74' lang='lat' dir='ltr'>faciendae</span> <span class='ocrx_word' id='word_1_93' title='bbox 398 627 517 652; x_wconf 77' lang='lat' dir='ltr'>migrationis</span> <span class='ocrx_word' id='word_1_94' title='bbox 535 632 649 652; x_wconf 82' lang='lat' dir='ltr'>potestatem</span> <span class='ocrx_word' id='word_1_95' title='bbox 670 628 694 646; x_wconf 84' lang='lat' dir='ltr'>ad</span> <span class='ocrx_word' id='word_1_96' title='bbox 709 628 799 646; x_wconf 76' lang='lat' dir='ltr'>Senatum</span> <span class='ocrx_word' id='word_1_97' title='bbox 819 634 883 650; x_wconf 86' lang='lat' dir='ltr'>suum,</span> <span class='ocrx_word' id='word_1_98' title='bbox 904 632 924 646; x_wconf 89' lang='lat' dir='ltr'>ut</span> <span class='ocrx_word' id='word_1_99' title='bbox 938 628 992 650; x_wconf 83' lang='lat' dir='ltr'>solet,</span> <span class='ocrx_word' id='word_1_100' title='bbox 1007 627 1026 646; x_wconf 89' lang='lat' dir='ltr'>S.</span> <span class='ocrx_word' id='word_1_101' title='bbox 1041 627 1089 645; x_wconf 77' lang='lat' dir='ltr'>Mtas</span> <span class='ocrx_word' id='word_1_102' title='bbox 1105 626 1164 651; x_wconf 83' lang='lat' dir='ltr'>Regia</span> 
     </span>
     <span class='ocr_line' id='line_1_13' title="bbox 264 658 1163 684; baseline -0.001 -7"><span class='ocrx_word' id='word_1_103' title='bbox 264 658 301 677; x_wconf 72' lang='lat' dir='ltr'>:lit-</span> <span class='ocrx_word' id='word_1_104' title='bbox 316 658 354 681; x_wconf 91' lang='lat' dir='ltr'>Qui</span> <span class='ocrx_word' id='word_1_105' title='bbox 369 659 450 677; x_wconf 89' lang='lat' dir='ltr'>Senatus</span> <span class='ocrx_word' id='word_1_106' title='bbox 465 665 583 683; x_wconf 80' lang='lat' dir='ltr'>quamquam</span> <span class='ocrx_word' id='word_1_107' title='bbox 599 665 641 677; x_wconf 83' lang='lat' dir='ltr'>cum</span> <span class='ocrx_word' id='word_1_108' title='bbox 656 659 721 677; x_wconf 85' lang='lat' dir='ltr'>animo</span> <span class='ocrx_word' id='word_1_109' title='bbox 735 665 770 677; x_wconf 90' lang='lat' dir='ltr'>suo</span> <span class='ocrx_word' id='word_1_110' title='bbox 786 659 887 684; x_wconf 80' lang='lat' dir='ltr'>diligenter</span> <span class='ocrx_word' id='word_1_111' title='bbox 901 663 1004 683; x_wconf 79' lang='lat' dir='ltr'>reputaret,</span> <span class='ocrx_word' id='word_1_112' title='bbox 1019 659 1065 683; x_wconf 84' lang='lat' dir='ltr'>quid</span> <span class='ocrx_word' id='word_1_113' title='bbox 1078 658 1097 676; x_wconf 88' lang='lat' dir='ltr'>S.</span> <span class='ocrx_word' id='word_1_114' title='bbox 1109 658 1163 676; x_wconf 77' lang='lat' dir='ltr'>Mtuti</span> 
     </span>
     <span class='ocr_line' id='line_1_14' title="bbox 271 688 1164 715; baseline -0.001 -7"><span class='ocrx_word' id='word_1_115' title='bbox 271 688 308 715; x_wconf 83' lang='lat' dir='ltr'>(vel</span> <span class='ocrx_word' id='word_1_116' title='bbox 328 696 363 714; x_wconf 87' lang='lat' dir='ltr'>pro</span> <span class='ocrx_word' id='word_1_117' title='bbox 384 690 433 708; x_wconf 87' lang='lat' dir='ltr'>illius</span> <span class='ocrx_word' id='word_1_118' title='bbox 448 690 467 708; x_wconf 91' lang='lat' dir='ltr'>in</span> <span class='ocrx_word' id='word_1_119' title='bbox 484 696 504 708; x_wconf 86' lang='lat' dir='ltr'>se</span> <span class='ocrx_word' id='word_1_120' title='bbox 519 690 588 708; x_wconf 79' lang='lat' dir='ltr'>illustri</span> <span class='ocrx_word' id='word_1_121' title='bbox 607 690 713 713; x_wconf 69' lang='lat' dir='ltr'>voluntate,</span> <span class='ocrx_word' id='word_1_122' title='bbox 734 691 762 709; x_wconf 89' lang='lat' dir='ltr'>vel</span> <span class='ocrx_word' id='word_1_123' title='bbox 781 697 816 715; x_wconf 86' lang='lat' dir='ltr'>pro</span> <span class='ocrx_word' id='word_1_124' title='bbox 837 690 934 709; x_wconf 83' lang='lat' dir='ltr'>beneficiis</span> <span class='ocrx_word' id='word_1_125' title='bbox 953 690 999 708; x_wconf 87' lang='lat' dir='ltr'>olim</span> <span class='ocrx_word' id='word_1_126' title='bbox 1014 690 1037 708; x_wconf 79' lang='lat' dir='ltr'>ab</span> <span class='ocrx_word' id='word_1_127' title='bbox 1053 689 1102 708; x_wconf 89' lang='lat' dir='ltr'>illius</span> <span class='ocrx_word' id='word_1_128' title='bbox 1122 689 1164 713; x_wconf 83' lang='lat' dir='ltr'>piae</span> 
     </span>
     <span class='ocr_line' id='line_1_15' title="bbox 264 720 1164 747; baseline -0.001 -8"><span class='ocrx_word' id='word_1_129' title='bbox 264 721 336 739; x_wconf 81' lang='lat' dir='ltr'>moriae</span> <span class='ocrx_word' id='word_1_130' title='bbox 352 721 427 744; x_wconf 86' lang='lat' dir='ltr'>marito,</span> <span class='ocrx_word' id='word_1_131' title='bbox 444 721 496 746; x_wconf 82' lang='lat' dir='ltr'>Rege</span> <span class='ocrx_word' id='word_1_132' title='bbox 511 727 546 740; x_wconf 83' lang='lat' dir='ltr'>suo</span> <span class='ocrx_word' id='word_1_133' title='bbox 561 721 679 744; x_wconf 78' lang='lat' dir='ltr'>Clarissimo,</span> <span class='ocrx_word' id='word_1_134' title='bbox 699 722 718 740; x_wconf 94' lang='lat' dir='ltr'>in</span> <span class='ocrx_word' id='word_1_135' title='bbox 733 727 753 740; x_wconf 85' lang='lat' dir='ltr'>se</span> <span class='ocrx_word' id='word_1_136' title='bbox 767 721 848 747; x_wconf 82' lang='lat' dir='ltr'>collatis)</span> <span class='ocrx_word' id='word_1_137' title='bbox 864 722 941 744; x_wconf 81' lang='lat' dir='ltr'>debeat,</span> <span class='ocrx_word' id='word_1_138' title='bbox 961 725 1024 739; x_wconf 81' lang='lat' dir='ltr'>tamen</span> <span class='ocrx_word' id='word_1_139' title='bbox 1039 727 1098 745; x_wconf 90' lang='lat' dir='ltr'>quum</span> <span class='ocrx_word' id='word_1_140' title='bbox 1114 720 1164 738; x_wconf 83' lang='lat' dir='ltr'>idem</span> 
     </span>
     <span class='ocr_line' id='line_1_16' title="bbox 264 751 1164 778; baseline -0.002 -7"><span class='ocrx_word' id='word_1_141' title='bbox 264 756 314 771; x_wconf 74' lang='lat' dir='ltr'>utus</span> <span class='ocrx_word' id='word_1_142' title='bbox 333 752 425 777; x_wconf 78' lang='lat' dir='ltr'>dignitate</span> <span class='ocrx_word' id='word_1_143' title='bbox 445 753 591 777; x_wconf 80' lang='lat' dir='ltr'>commodisque</span> <span class='ocrx_word' id='word_1_144' title='bbox 606 757 624 771; x_wconf 87' lang='lat' dir='ltr'>et</span> <span class='ocrx_word' id='word_1_145' title='bbox 639 753 700 777; x_wconf 80' lang='lat' dir='ltr'>Regni</span> <span class='ocrx_word' id='word_1_146' title='bbox 715 757 732 771; x_wconf 92' lang='lat' dir='ltr'>et</span> <span class='ocrx_word' id='word_1_147' title='bbox 747 753 819 778; x_wconf 77' lang='lat' dir='ltr'>Regiae</span> <span class='ocrx_word' id='word_1_148' title='bbox 834 753 950 777; x_wconf 77' lang='lat' dir='ltr'>Vestraeque</span> <span class='ocrx_word' id='word_1_149' title='bbox 971 752 1035 771; x_wconf 87' lang='lat' dir='ltr'>Mtatis</span> <span class='ocrx_word' id='word_1_150' title='bbox 1049 752 1096 770; x_wconf 86' lang='lat' dir='ltr'>nihil</span> <span class='ocrx_word' id='word_1_151' title='bbox 1111 751 1164 776; x_wconf 85' lang='lat' dir='ltr'>prius</span> 
     </span>
     <span class='ocr_line' id='line_1_17' title="bbox 264 783 1164 809; baseline -0.001 -7"><span class='ocrx_word' id='word_1_152' title='bbox 264 783 285 802; x_wconf 80' lang='lat' dir='ltr'>td</span> <span class='ocrx_word' id='word_1_153' title='bbox 298 790 317 802; x_wconf 79' lang='lat' dir='ltr'>se</span> <span class='ocrx_word' id='word_1_154' title='bbox 332 784 406 807; x_wconf 72' lang='lat' dir='ltr'>habeat,</span> <span class='ocrx_word' id='word_1_155' title='bbox 422 788 520 808; x_wconf 77' lang='lat' dir='ltr'>praesente</span> <span class='ocrx_word' id='word_1_156' title='bbox 535 784 554 802; x_wconf 94' lang='lat' dir='ltr'>S.</span> <span class='ocrx_word' id='word_1_157' title='bbox 569 784 628 802; x_wconf 87' lang='lat' dir='ltr'>Mtate</span> <span class='ocrx_word' id='word_1_158' title='bbox 643 784 701 809; x_wconf 84' lang='lat' dir='ltr'>Regia</span> <span class='ocrx_word' id='word_1_159' title='bbox 717 785 740 803; x_wconf 82' lang='lat' dir='ltr'>de</span> <span class='ocrx_word' id='word_1_160' title='bbox 755 791 776 802; x_wconf 85' lang='lat' dir='ltr'>ea</span> <span class='ocrx_word' id='word_1_161' title='bbox 790 790 809 802; x_wconf 86' lang='lat' dir='ltr'>re</span> <span class='ocrx_word' id='word_1_162' title='bbox 823 784 926 803; x_wconf 80' lang='lat' dir='ltr'>sententias</span> <span class='ocrx_word' id='word_1_163' title='bbox 941 783 1030 805; x_wconf 73' lang='lat' dir='ltr'>contulit,</span> <span class='ocrx_word' id='word_1_164' title='bbox 1050 788 1164 807; x_wconf 81' lang='lat' dir='ltr'>ponensque</span> 
     </span>
     <span class='ocr_line' id='line_1_18' title="bbox 265 814 1164 840; baseline -0.002 -6"><span class='ocrx_word' id='word_1_165' title='bbox 265 821 279 834; x_wconf 74' lang='lat' dir='ltr'>e</span> <span class='ocrx_word' id='word_1_166' title='bbox 292 815 357 834; x_wconf 85' lang='lat' dir='ltr'>oculos</span> <span class='ocrx_word' id='word_1_167' title='bbox 372 815 435 834; x_wconf 77' lang='lat' dir='ltr'>lllmas</span> <span class='ocrx_word' id='word_1_168' title='bbox 451 815 544 840; x_wconf 74' lang='lat' dir='ltr'>Virgines,</span> <span class='ocrx_word' id='word_1_169' title='bbox 565 815 654 834; x_wconf 84' lang='lat' dir='ltr'>sobolem</span> <span class='ocrx_word' id='word_1_170' title='bbox 671 815 822 840; x_wconf 79' lang='lat' dir='ltr'>sanguinemque</span> <span class='ocrx_word' id='word_1_171' title='bbox 838 815 919 840; x_wconf 73' lang='lat' dir='ltr'>Regium</span> <span class='ocrx_word' id='word_1_172' title='bbox 935 815 1056 833; x_wconf 70' lang='lat' dir='ltr'>veneratione</span> <span class='ocrx_word' id='word_1_173' title='bbox 1076 814 1164 838; x_wconf 80' lang='lat' dir='ltr'>dignissi-</span> 
     </span>
     <span class='ocr_line' id='line_1_19' title="bbox 269 845 1164 871; baseline -0.002 -6"><span class='ocrx_word' id='word_1_174' title='bbox 269 852 295 870; x_wconf 84' lang='lat' dir='ltr'>m,</span> <span class='ocrx_word' id='word_1_175' title='bbox 307 846 427 870; x_wconf 78' lang='lat' dir='ltr'>existimavit,</span> <span class='ocrx_word' id='word_1_176' title='bbox 442 846 490 865; x_wconf 86' lang='lat' dir='ltr'>nihil</span> <span class='ocrx_word' id='word_1_177' title='bbox 501 847 565 865; x_wconf 89' lang='lat' dir='ltr'>minus</span> <span class='ocrx_word' id='word_1_178' title='bbox 577 847 650 869; x_wconf 70' lang='lat' dir='ltr'>decere,</span> <span class='ocrx_word' id='word_1_179' title='bbox 665 853 722 871; x_wconf 83' lang='lat' dir='ltr'>quam</span> <span class='ocrx_word' id='word_1_180' title='bbox 738 851 758 865; x_wconf 86' lang='lat' dir='ltr'>ut</span> <span class='ocrx_word' id='word_1_181' title='bbox 770 847 847 865; x_wconf 82' lang='lat' dir='ltr'>eaedem</span> <span class='ocrx_word' id='word_1_182' title='bbox 860 847 948 871; x_wconf 82' lang='lat' dir='ltr'>Virgines</span> <span class='ocrx_word' id='word_1_183' title='bbox 960 846 1035 871; x_wconf 85' lang='lat' dir='ltr'>optimo</span> <span class='ocrx_word' id='word_1_184' title='bbox 1047 852 1068 864; x_wconf 81' lang='lat' dir='ltr'>ac</span> <span class='ocrx_word' id='word_1_185' title='bbox 1081 845 1164 863; x_wconf 82' lang='lat' dir='ltr'>Sanctis-</span> 
     </span>
     <span class='ocr_line' id='line_1_20' title="bbox 265 877 1164 902; baseline -0.002 -6"><span class='ocrx_word' id='word_1_186' title='bbox 265 883 283 896; x_wconf 48' lang='grc' dir='ltr'>Ἰι)</span> <span class='ocrx_word' id='word_1_187' title='bbox 295 882 348 902; x_wconf 79' lang='lat' dir='ltr'>patre</span> <span class='ocrx_word' id='word_1_188' title='bbox 363 884 372 896; x_wconf 83' lang='lat' dir='ltr'>e</span> <span class='ocrx_word' id='word_1_189' title='bbox 387 878 434 896; x_wconf 80' lang='lat' dir='ltr'>vivis</span> <span class='ocrx_word' id='word_1_190' title='bbox 448 878 524 896; x_wconf 87' lang='lat' dir='ltr'>sublato</span> <span class='ocrx_word' id='word_1_191' title='bbox 538 878 578 896; x_wconf 84' lang='lat' dir='ltr'>sine</span> <span class='ocrx_word' id='word_1_192' title='bbox 591 878 744 896; x_wconf 81' lang='lat' dir='ltr'>Clementissirna</span> <span class='ocrx_word' id='word_1_193' title='bbox 756 884 777 896; x_wconf 77' lang='lat' dir='ltr'>nc</span> <span class='ocrx_word' id='word_1_194' title='bbox 789 878 890 902; x_wconf 82' lang='lat' dir='ltr'>superstite</span> <span class='ocrx_word' id='word_1_195' title='bbox 902 878 963 896; x_wconf 83' lang='lat' dir='ltr'>Matre</span> <span class='ocrx_word' id='word_1_196' title='bbox 975 878 1033 895; x_wconf 81' lang='lat' dir='ltr'>orbae</span> <span class='ocrx_word' id='word_1_197' title='bbox 1046 883 1067 895; x_wconf 81' lang='lat' dir='ltr'>ac</span> <span class='ocrx_word' id='word_1_198' title='bbox 1079 877 1164 895; x_wconf 79' lang='lat' dir='ltr'>desertae</span> 
     </span>
     <span class='ocr_line' id='line_1_21' title="bbox 264 908 1164 934; baseline 0 -7"><span class='ocrx_word' id='word_1_199' title='bbox 264 913 326 931; x_wconf 72' lang='lat' dir='ltr'>erent,</span> <span class='ocrx_word' id='word_1_200' title='bbox 346 915 430 933; x_wconf 89' lang='lat' dir='ltr'>eumque</span> <span class='ocrx_word' id='word_1_201' title='bbox 448 909 514 928; x_wconf 76' lang='lat' dir='ltr'>aetatis</span> <span class='ocrx_word' id='word_1_202' title='bbox 529 909 596 928; x_wconf 86' lang='lat' dir='ltr'>florem</span> <span class='ocrx_word' id='word_1_203' title='bbox 611 915 632 928; x_wconf 77' lang='lat' dir='ltr'>ac</span> <span class='ocrx_word' id='word_1_204' title='bbox 647 915 723 927; x_wconf 85' lang='lat' dir='ltr'>morum</span> <span class='ocrx_word' id='word_1_205' title='bbox 739 910 852 932; x_wconf 82' lang='lat' dir='ltr'>candorem,</span> <span class='ocrx_word' id='word_1_206' title='bbox 873 909 904 934; x_wconf 89' lang='lat' dir='ltr'>qui</span> <span class='ocrx_word' id='word_1_207' title='bbox 920 909 1078 934; x_wconf 81' lang='lat' dir='ltr'>prudentissimae</span> <span class='ocrx_word' id='word_1_208' title='bbox 1098 908 1164 927; x_wconf 79' lang='lat' dir='ltr'>Matris</span> 
     </span>
     <span class='ocr_line' id='line_1_22' title="bbox 264 940 1164 965; baseline -0.001 -7"><span class='ocrx_word' id='word_1_209' title='bbox 264 940 321 959; x_wconf 77' lang='lat' dir='ltr'>tituto</span> <span class='ocrx_word' id='word_1_210' title='bbox 336 946 357 959; x_wconf 82' lang='lat' dir='ltr'>ac</span> <span class='ocrx_word' id='word_1_211' title='bbox 371 940 460 965; x_wconf 82' lang='lat' dir='ltr'>exemplo</span> <span class='ocrx_word' id='word_1_212' title='bbox 474 940 536 962; x_wconf 81' lang='lat' dir='ltr'>alitur,</span> <span class='ocrx_word' id='word_1_213' title='bbox 556 947 643 959; x_wconf 84' lang='lat' dir='ltr'>maerore</span> <span class='ocrx_word' id='word_1_214' title='bbox 659 941 753 965; x_wconf 82' lang='lat' dir='ltr'>primum,</span> <span class='ocrx_word' id='word_1_215' title='bbox 768 941 837 959; x_wconf 81' lang='lat' dir='ltr'>deinde</span> <span class='ocrx_word' id='word_1_216' title='bbox 851 940 880 959; x_wconf 91' lang='lat' dir='ltr'>sui</span> <span class='ocrx_word' id='word_1_217' title='bbox 896 940 1011 965; x_wconf 77' lang='lat' dir='ltr'>negligentia</span> <span class='ocrx_word' id='word_1_218' title='bbox 1026 940 1164 964; x_wconf 78' lang='lat' dir='ltr'>extinguerent.</span> 
     </span>
     <span class='ocr_line' id='line_1_23' title="bbox 264 970 1164 996; baseline 0 -7"><span class='ocrx_word' id='word_1_219' title='bbox 264 971 286 990; x_wconf 87' lang='lat' dir='ltr'>lit</span> <span class='ocrx_word' id='word_1_220' title='bbox 299 972 318 990; x_wconf 93' lang='lat' dir='ltr'>S.</span> <span class='ocrx_word' id='word_1_221' title='bbox 333 972 417 990; x_wconf 81' lang='lat' dir='ltr'>Domina</span> <span class='ocrx_word' id='word_1_222' title='bbox 438 971 519 990; x_wconf 83' lang='lat' dir='ltr'>Senatus</span> <span class='ocrx_word' id='word_1_223' title='bbox 535 972 605 996; x_wconf 75' lang='lat' dir='ltr'>Regni,</span> <span class='ocrx_word' id='word_1_224' title='bbox 626 978 675 996; x_wconf 86' lang='lat' dir='ltr'>quae</span> <span class='ocrx_word' id='word_1_225' title='bbox 689 972 813 990; x_wconf 78' lang='lat' dir='ltr'>incommoda</span> <span class='ocrx_word' id='word_1_226' title='bbox 828 972 854 990; x_wconf 94' lang='lat' dir='ltr'>lll.</span> <span class='ocrx_word' id='word_1_227' title='bbox 870 972 980 996; x_wconf 80' lang='lat' dir='ltr'>Virginibus</span> <span class='ocrx_word' id='word_1_228' title='bbox 1000 971 1035 989; x_wconf 79' lang='lat' dir='ltr'>hac</span> <span class='ocrx_word' id='word_1_229' title='bbox 1049 970 1164 995; x_wconf 79' lang='lat' dir='ltr'>migratione</span> 
     </span>
     <span class='ocr_line' id='line_1_24' title="bbox 265 1002 1164 1027; baseline -0.001 -6"><span class='ocrx_word' id='word_1_230' title='bbox 265 1006 322 1021; x_wconf 80' lang='lat' dir='ltr'>utura</span> <span class='ocrx_word' id='word_1_231' title='bbox 338 1007 407 1024; x_wconf 81' lang='lat' dir='ltr'>essent,</span> <span class='ocrx_word' id='word_1_232' title='bbox 422 1003 445 1021; x_wconf 80' lang='lat' dir='ltr'>ad</span> <span class='ocrx_word' id='word_1_233' title='bbox 460 1009 509 1027; x_wconf 80' lang='lat' dir='ltr'>quae</span> <span class='ocrx_word' id='word_1_234' title='bbox 523 1007 614 1027; x_wconf 81' lang='lat' dir='ltr'>tanquam</span> <span class='ocrx_word' id='word_1_235' title='bbox 629 1003 667 1027; x_wconf 84' lang='lat' dir='ltr'>jam</span> <span class='ocrx_word' id='word_1_236' title='bbox 682 1003 729 1021; x_wconf 75' lang='lat' dir='ltr'>facta</span> <span class='ocrx_word' id='word_1_237' title='bbox 744 1007 814 1026; x_wconf 82' lang='lat' dir='ltr'>essent,</span> <span class='ocrx_word' id='word_1_238' title='bbox 829 1003 945 1027; x_wconf 74' lang='lat' dir='ltr'>cogitatione</span> <span class='ocrx_word' id='word_1_239' title='bbox 960 1003 1080 1021; x_wconf 83' lang='lat' dir='ltr'>consumitur</span> <span class='ocrx_word' id='word_1_240' title='bbox 1094 1008 1115 1021; x_wconf 80' lang='lat' dir='ltr'>ac</span> <span class='ocrx_word' id='word_1_241' title='bbox 1129 1002 1164 1020; x_wconf 79' lang='lat' dir='ltr'>do-</span> 
     </span>
     <span class='ocr_line' id='line_1_25' title="bbox 264 1033 1164 1056; baseline -0.001 -4"><span class='ocrx_word' id='word_1_242' title='bbox 264 1039 275 1052; x_wconf 87' lang='lat'><em>=</em></span> <span class='ocrx_word' id='word_1_243' title='bbox 289 1034 374 1053; x_wconf 74' lang='lat' dir='ltr'>tabescit.</span> <span class='ocrx_word' id='word_1_244' title='bbox 392 1034 469 1056; x_wconf 87' lang='lat' dir='ltr'>Quibus</span> <span class='ocrx_word' id='word_1_245' title='bbox 486 1034 542 1052; x_wconf 89' lang='lat' dir='ltr'>rebus</span> <span class='ocrx_word' id='word_1_246' title='bbox 557 1034 571 1052; x_wconf 90' lang='lat' dir='ltr'>si</span> <span class='ocrx_word' id='word_1_247' title='bbox 584 1034 603 1052; x_wconf 86' lang='lat' dir='ltr'>S.</span> <span class='ocrx_word' id='word_1_248' title='bbox 614 1034 663 1053; x_wconf 86' lang='lat' dir='ltr'>Mtas</span> <span class='ocrx_word' id='word_1_249' title='bbox 674 1034 695 1053; x_wconf 91' lang='lat' dir='ltr'>V.</span> <span class='ocrx_word' id='word_1_250' title='bbox 707 1034 793 1053; x_wconf 81' lang='lat' dir='ltr'>animum</span> <span class='ocrx_word' id='word_1_251' title='bbox 816 1034 903 1056; x_wconf 80' lang='lat' dir='ltr'>intendit,</span> <span class='ocrx_word' id='word_1_252' title='bbox 922 1039 942 1052; x_wconf 91' lang='lat' dir='ltr'>ut</span> <span class='ocrx_word' id='word_1_253' title='bbox 956 1038 1005 1052; x_wconf 83' lang='lat' dir='ltr'>certe</span> <span class='ocrx_word' id='word_1_254' title='bbox 1020 1033 1108 1056; x_wconf 80' lang='lat' dir='ltr'>intendit,</span> <span class='ocrx_word' id='word_1_255' title='bbox 1125 1039 1164 1051; x_wconf 87' lang='lat' dir='ltr'>non</span> 
     </span>
     <span class='ocr_line' id='line_1_26' title="bbox 264 1065 1164 1089; baseline -0.001 -5"><span class='ocrx_word' id='word_1_256' title='bbox 264 1065 346 1088; x_wconf 75' lang='lat' dir='ltr'>omittet,</span> <span class='ocrx_word' id='word_1_257' title='bbox 362 1069 383 1084; x_wconf 85' lang='lat' dir='ltr'>ut</span> <span class='ocrx_word' id='word_1_258' title='bbox 395 1065 464 1084; x_wconf 89' lang='lat' dir='ltr'>minori</span> <span class='ocrx_word' id='word_1_259' title='bbox 476 1065 539 1084; x_wconf 83' lang='lat' dir='ltr'>dolori</span> <span class='ocrx_word' id='word_1_260' title='bbox 552 1065 677 1084; x_wconf 82' lang='lat' dir='ltr'>incommoda</span> <span class='ocrx_word' id='word_1_261' title='bbox 689 1065 771 1084; x_wconf 75' lang='lat' dir='ltr'>filiarum</span> <span class='ocrx_word' id='word_1_262' title='bbox 784 1066 838 1084; x_wconf 79' lang='lat' dir='ltr'>matri</span> <span class='ocrx_word' id='word_1_263' title='bbox 851 1072 891 1084; x_wconf 80' lang='lat' dir='ltr'>esse</span> <span class='ocrx_word' id='word_1_264' title='bbox 903 1066 992 1088; x_wconf 74' lang='lat' dir='ltr'>debeant,</span> <span class='ocrx_word' id='word_1_265' title='bbox 1008 1071 1065 1089; x_wconf 81' lang='lat' dir='ltr'>quarn</span> <span class='ocrx_word' id='word_1_266' title='bbox 1080 1069 1124 1083; x_wconf 89' lang='lat' dir='ltr'>sunt</span> <span class='ocrx_word' id='word_1_267' title='bbox 1135 1065 1164 1087; x_wconf 82' lang='lat' dir='ltr'>iis,</span> 
     </span>
     <span class='ocr_line' id='line_1_27' title="bbox 264 1096 1164 1121; baseline -0.001 -6"><span class='ocrx_word' id='word_1_268' title='bbox 264 1096 268 1114; x_wconf 68' lang='lat' dir='ltr'>&#39;t</span> <span class='ocrx_word' id='word_1_269' title='bbox 280 1097 437 1121; x_wconf 78' lang='lat' dir='ltr'>procurationem</span> <span class='ocrx_word' id='word_1_270' title='bbox 449 1101 523 1115; x_wconf 87' lang='lat' dir='ltr'>tantum</span> <span class='ocrx_word' id='word_1_271' title='bbox 536 1103 601 1115; x_wconf 85' lang='lat' dir='ltr'>earum</span> <span class='ocrx_word' id='word_1_272' title='bbox 613 1097 726 1121; x_wconf 70' lang='lat' dir='ltr'>suscipiunt,</span> <span class='ocrx_word' id='word_1_273' title='bbox 742 1103 780 1115; x_wconf 86' lang='lat' dir='ltr'>non</span> <span class='ocrx_word' id='word_1_274' title='bbox 794 1097 849 1115; x_wconf 87' lang='lat' dir='ltr'>etiam</span> <span class='ocrx_word' id='word_1_275' title='bbox 863 1103 893 1115; x_wconf 77' lang='lat' dir='ltr'>eus</span> <span class='ocrx_word' id='word_1_276' title='bbox 905 1096 998 1121; x_wconf 80' lang='lat' dir='ltr'>sanguine</span> <span class='ocrx_word' id='word_1_277' title='bbox 1013 1097 1116 1120; x_wconf 76' lang='lat' dir='ltr'>attingunt,</span> <span class='ocrx_word' id='word_1_278' title='bbox 1131 1096 1164 1120; x_wconf 88' lang='lat' dir='ltr'>qui</span> 
     </span>
     <span class='ocr_line' id='line_1_28' title="bbox 266 1127 1164 1153; baseline -0.001 -7"><span class='ocrx_word' id='word_1_279' title='bbox 266 1130 286 1146; x_wconf 64' lang='lat' dir='ltr'>{e</span> <span class='ocrx_word' id='word_1_280' title='bbox 296 1128 375 1152; x_wconf 77' lang='lat' dir='ltr'>sanguis</span> <span class='ocrx_word' id='word_1_281' title='bbox 384 1128 444 1146; x_wconf 87' lang='lat' dir='ltr'>solius</span> <span class='ocrx_word' id='word_1_282' title='bbox 453 1132 531 1146; x_wconf 78' lang='lat' dir='ltr'>naturae</span> <span class='ocrx_word' id='word_1_283' title='bbox 541 1128 599 1146; x_wconf 83' lang='lat' dir='ltr'>ductu</span> <span class='ocrx_word' id='word_1_284' title='bbox 609 1134 631 1147; x_wconf 92' lang='lat' dir='ltr'>eo</span> <span class='ocrx_word' id='word_1_285' title='bbox 641 1132 727 1153; x_wconf 82' lang='lat' dir='ltr'>parentes</span> <span class='ocrx_word' id='word_1_286' title='bbox 736 1128 822 1152; x_wconf 85' lang='lat' dir='ltr'>impellit,</span> <span class='ocrx_word' id='word_1_287' title='bbox 831 1132 852 1146; x_wconf 95' lang='lat' dir='ltr'>ut</span> <span class='ocrx_word' id='word_1_288' title='bbox 860 1128 915 1146; x_wconf 77' lang='lat' dir='ltr'>citius</span> <span class='ocrx_word' id='word_1_289' title='bbox 924 1128 981 1146; x_wconf 77' lang='lat' dir='ltr'>vitam</span> <span class='ocrx_word' id='word_1_290' title='bbox 992 1127 1096 1149; x_wconf 73' lang='lat' dir='ltr'>effundunt,</span> <span class='ocrx_word' id='word_1_291' title='bbox 1107 1133 1164 1152; x_wconf 82' lang='lat' dir='ltr'>quarn</span> 
     </span>
     <span class='ocr_line' id='line_1_29' title="bbox 264 1158 1167 1184; baseline -0.001 -7"><span class='ocrx_word' id='word_1_292' title='bbox 264 1164 276 1182; x_wconf 68' lang='grc' dir='ltr'>ε,</span> <span class='ocrx_word' id='word_1_293' title='bbox 284 1165 334 1184; x_wconf 84' lang='lat' dir='ltr'>quos</span> <span class='ocrx_word' id='word_1_294' title='bbox 343 1164 475 1184; x_wconf 80' lang='lat' dir='ltr'>procrearunt,</span> <span class='ocrx_word' id='word_1_295' title='bbox 488 1160 507 1178; x_wconf 90' lang='lat' dir='ltr'>in</span> <span class='ocrx_word' id='word_1_296' title='bbox 517 1159 598 1178; x_wconf 82' lang='lat' dir='ltr'>orbitate</span> <span class='ocrx_word' id='word_1_297' title='bbox 608 1160 695 1178; x_wconf 80' lang='lat' dir='ltr'>deserant</span> <span class='ocrx_word' id='word_1_298' title='bbox 703 1166 724 1177; x_wconf 93' lang='lat' dir='ltr'>ac</span> <span class='ocrx_word' id='word_1_299' title='bbox 734 1159 847 1184; x_wconf 83' lang='lat' dir='ltr'>relinquant.</span> <span class='ocrx_word' id='word_1_300' title='bbox 858 1159 906 1177; x_wconf 85' lang='lat' dir='ltr'>Nam</span> <span class='ocrx_word' id='word_1_301' title='bbox 917 1164 937 1178; x_wconf 91' lang='lat' dir='ltr'>ut</span> <span class='ocrx_word' id='word_1_302' title='bbox 946 1165 976 1177; x_wconf 82' lang='lat' dir='ltr'>eas</span> <span class='ocrx_word' id='word_1_303' title='bbox 986 1159 1005 1177; x_wconf 82' lang='lat' dir='ltr'>S.</span> <span class='ocrx_word' id='word_1_304' title='bbox 1015 1158 1101 1183; x_wconf 84' lang='lat' dir='ltr'>Reginali</span> <span class='ocrx_word' id='word_1_305' title='bbox 1111 1158 1167 1177; x_wconf 72' lang='lat' dir='ltr'>anxi</span> 
     </span>
     <span class='ocr_line' id='line_1_30' title="bbox 264 1190 1164 1215; baseline -0.001 -6"><span class='ocrx_word' id='word_1_306' title='bbox 264 1190 344 1215; x_wconf 75' lang='lat' dir='ltr'>gariae³</span> <span class='ocrx_word' id='word_1_307' title='bbox 355 1191 422 1209; x_wconf 79' lang='lat' dir='ltr'>adesse</span> <span class='ocrx_word' id='word_1_308' title='bbox 434 1191 503 1209; x_wconf 84' lang='lat' dir='ltr'>debere</span> <span class='ocrx_word' id='word_1_309' title='bbox 515 1195 596 1213; x_wconf 81' lang='lat' dir='ltr'>censeat,</span> <span class='ocrx_word' id='word_1_310' title='bbox 607 1197 627 1209; x_wconf 81' lang='lat' dir='ltr'>ea</span> <span class='ocrx_word' id='word_1_311' title='bbox 639 1191 729 1215; x_wconf 84' lang='lat' dir='ltr'>cogitatio</span> <span class='ocrx_word' id='word_1_312' title='bbox 742 1191 810 1209; x_wconf 80' lang='lat' dir='ltr'>frustra</span> <span class='ocrx_word' id='word_1_313' title='bbox 822 1194 910 1215; x_wconf 83' lang='lat' dir='ltr'>suscepta</span> <span class='ocrx_word' id='word_1_314' title='bbox 922 1191 981 1209; x_wconf 79' lang='lat' dir='ltr'>videri</span> <span class='ocrx_word' id='word_1_315' title='bbox 992 1190 1061 1215; x_wconf 81' lang='lat' dir='ltr'>possit:</span> <span class='ocrx_word' id='word_1_316' title='bbox 1074 1190 1164 1214; x_wconf 82' lang='lat' dir='ltr'>primum,</span> 
     </span>
     <span class='ocr_line' id='line_1_31' title="bbox 265 1221 1165 1247; baseline -0.001 -7"><span class='ocrx_word' id='word_1_317' title='bbox 265 1227 279 1240; x_wconf 73' lang='lat' dir='ltr'><strong>a</strong></span> <span class='ocrx_word' id='word_1_318' title='bbox 300 1222 357 1240; x_wconf 75' lang='lat' dir='ltr'>tantis</span> <span class='ocrx_word' id='word_1_319' title='bbox 373 1221 517 1240; x_wconf 81' lang='lat' dir='ltr'>difficultatibus</span> <span class='ocrx_word' id='word_1_320' title='bbox 539 1222 633 1247; x_wconf 85' lang='lat' dir='ltr'>permissu</span> <span class='ocrx_word' id='word_1_321' title='bbox 657 1222 733 1244; x_wconf 84' lang='lat' dir='ltr'>Divino,</span> <span class='ocrx_word' id='word_1_322' title='bbox 755 1222 812 1246; x_wconf 88' lang='lat' dir='ltr'>culpa</span> <span class='ocrx_word' id='word_1_323' title='bbox 833 1226 896 1240; x_wconf 82' lang='lat' dir='ltr'>autem</span> <span class='ocrx_word' id='word_1_324' title='bbox 919 1221 1039 1246; x_wconf 78' lang='lat' dir='ltr'>perfidorum</span> <span class='ocrx_word' id='word_1_325' title='bbox 1061 1221 1165 1240; x_wconf 82' lang='lat' dir='ltr'>hominum</span> 
     </span>
     <span class='ocr_line' id='line_1_32' title="bbox 265 1252 1164 1278; baseline -0.002 -6"><span class='ocrx_word' id='word_1_326' title='bbox 265 1252 364 1278; x_wconf 80' lang='lat' dir='ltr'>Reginalis</span> <span class='ocrx_word' id='word_1_327' title='bbox 380 1253 429 1271; x_wconf 80' lang='lat' dir='ltr'>Mtas</span> <span class='ocrx_word' id='word_1_328' title='bbox 444 1253 538 1278; x_wconf 66' lang='lat' dir='ltr'>Ungui-iae</span> <span class='ocrx_word' id='word_1_329' title='bbox 553 1258 581 1272; x_wconf 87' lang='lat' dir='ltr'>est</span> <span class='ocrx_word' id='word_1_330' title='bbox 595 1253 698 1278; x_wconf 81' lang='lat' dir='ltr'>implicata,</span> <span class='ocrx_word' id='word_1_331' title='bbox 718 1258 738 1272; x_wconf 90' lang='lat' dir='ltr'>ut</span> <span class='ocrx_word' id='word_1_332' title='bbox 753 1253 825 1272; x_wconf 79' lang='lat' dir='ltr'>facilius</span> <span class='ocrx_word' id='word_1_333' title='bbox 843 1253 920 1272; x_wconf 82' lang='lat' dir='ltr'>aliunde</span> <span class='ocrx_word' id='word_1_334' title='bbox 939 1253 974 1271; x_wconf 83' lang='lat' dir='ltr'>sibi</span> <span class='ocrx_word' id='word_1_335' title='bbox 995 1253 1092 1277; x_wconf 76' lang='lat' dir='ltr'>postulare</span> <span class='ocrx_word' id='word_1_336' title='bbox 1107 1258 1164 1277; x_wconf 80' lang='lat' dir='ltr'>quam</span> 
     </span>
     <span class='ocr_line' id='line_1_33' title="bbox 264 1284 1164 1309; baseline -0.002 -6"><span class='ocrx_word' id='word_1_337' title='bbox 264 1289 273 1303; x_wconf 69' lang='lat' dir='ltr'>t</span> <span class='ocrx_word' id='word_1_338' title='bbox 286 1291 344 1309; x_wconf 83' lang='lat' dir='ltr'>opem</span> <span class='ocrx_word' id='word_1_339' title='bbox 359 1284 408 1303; x_wconf 79' lang='lat' dir='ltr'>ferre</span> <span class='ocrx_word' id='word_1_340' title='bbox 423 1291 478 1309; x_wconf 88' lang='lat' dir='ltr'>posse</span> <span class='ocrx_word' id='word_1_341' title='bbox 494 1285 590 1308; x_wconf 79' lang='lat' dir='ltr'>videatur;</span> <span class='ocrx_word' id='word_1_342' title='bbox 605 1285 681 1307; x_wconf 80' lang='lat' dir='ltr'>deinde,</span> <span class='ocrx_word' id='word_1_343' title='bbox 696 1291 758 1309; x_wconf 73' lang='lat' dir='ltr'>neque</span> <span class='ocrx_word' id='word_1_344' title='bbox 772 1285 916 1303; x_wconf 84' lang='lat' dir='ltr'>convenientius</span> <span class='ocrx_word' id='word_1_345' title='bbox 931 1291 1012 1309; x_wconf 84' lang='lat' dir='ltr'>usquam</span> <span class='ocrx_word' id='word_1_346' title='bbox 1028 1290 1090 1308; x_wconf 84' lang='lat' dir='ltr'>neque</span> <span class='ocrx_word' id='word_1_347' title='bbox 1104 1284 1164 1302; x_wconf 90' lang='lat' dir='ltr'>hone-</span> 
     </span>
     <span class='ocr_line' id='line_1_34' title="bbox 264 1315 1164 1341; baseline -0.001 -7"><span class='ocrx_word' id='word_1_348' title='bbox 264 1321 280 1334; x_wconf 80' lang='grc' dir='ltr'>ιι</span> <span class='ocrx_word' id='word_1_349' title='bbox 294 1316 371 1334; x_wconf 78' lang='lat' dir='ltr'>educari</span> <span class='ocrx_word' id='word_1_350' title='bbox 386 1316 435 1335; x_wconf 86' lang='lat' dir='ltr'>filiae</span> <span class='ocrx_word' id='word_1_351' title='bbox 450 1320 539 1340; x_wconf 80' lang='lat' dir='ltr'>possunt,</span> <span class='ocrx_word' id='word_1_352' title='bbox 554 1322 612 1341; x_wconf 81' lang='lat' dir='ltr'>quam</span> <span class='ocrx_word' id='word_1_353' title='bbox 627 1316 646 1334; x_wconf 92' lang='lat' dir='ltr'>in</span> <span class='ocrx_word' id='word_1_354' title='bbox 662 1316 722 1335; x_wconf 84' lang='lat' dir='ltr'>oculis</span> <span class='ocrx_word' id='word_1_355' title='bbox 737 1320 754 1335; x_wconf 89' lang='lat' dir='ltr'>et</span> <span class='ocrx_word' id='word_1_356' title='bbox 769 1319 873 1340; x_wconf 84' lang='lat' dir='ltr'>conspectu</span> <span class='ocrx_word' id='word_1_357' title='bbox 889 1320 982 1334; x_wconf 81' lang='lat' dir='ltr'>materno.</span> <span class='ocrx_word' id='word_1_358' title='bbox 1008 1316 1066 1337; x_wconf 85' lang='lat' dir='ltr'>Quod</span> <span class='ocrx_word' id='word_1_359' title='bbox 1081 1321 1125 1333; x_wconf 83' lang='lat' dir='ltr'>vero</span> <span class='ocrx_word' id='word_1_360' title='bbox 1140 1315 1164 1333; x_wconf 91' lang='lat' dir='ltr'>ad</span> 
     </span>
     <span class='ocr_line' id='line_1_35' title="bbox 264 1346 1164 1371; baseline -0.001 -6"><span class='ocrx_word' id='word_1_361' title='bbox 264 1346 332 1366; x_wconf 80' lang='lat' dir='ltr'>Mratis</span> <span class='ocrx_word' id='word_1_362' title='bbox 347 1347 369 1366; x_wconf 87' lang='lat' dir='ltr'>V.</span> <span class='ocrx_word' id='word_1_363' title='bbox 384 1347 465 1371; x_wconf 80' lang='lat' dir='ltr'>privatas</span> <span class='ocrx_word' id='word_1_364' title='bbox 480 1347 562 1366; x_wconf 79' lang='lat' dir='ltr'>rationes</span> <span class='ocrx_word' id='word_1_365' title='bbox 577 1348 650 1370; x_wconf 81' lang='lat' dir='ltr'>attinet,</span> <span class='ocrx_word' id='word_1_366' title='bbox 664 1347 771 1366; x_wconf 80' lang='lat' dir='ltr'>existimare</span> <span class='ocrx_word' id='word_1_367' title='bbox 785 1353 821 1371; x_wconf 86' lang='lat' dir='ltr'>pro</span> <span class='ocrx_word' id='word_1_368' title='bbox 836 1353 869 1365; x_wconf 81' lang='lat' dir='ltr'>sun</span> <span class='ocrx_word' id='word_1_369' title='bbox 885 1347 984 1371; x_wconf 81' lang='lat' dir='ltr'>prudentia</span> <span class='ocrx_word' id='word_1_370' title='bbox 999 1351 1061 1371; x_wconf 83' lang='lat' dir='ltr'>potest</span> <span class='ocrx_word' id='word_1_371' title='bbox 1075 1352 1103 1369; x_wconf 82' lang='lat' dir='ltr'>ea,</span> <span class='ocrx_word' id='word_1_372' title='bbox 1116 1352 1164 1371; x_wconf 85' lang='lat' dir='ltr'>quae</span> 
     </span>
     <span class='ocr_line' id='line_1_36' title="bbox 265 1377 1164 1403; baseline -0.002 -6"><span class='ocrx_word' id='word_1_373' title='bbox 265 1383 308 1397; x_wconf 69' lang='lat' dir='ltr'>*lma</span> <span class='ocrx_word' id='word_1_374' title='bbox 323 1378 373 1397; x_wconf 80' lang='lat' dir='ltr'>inter</span> <span class='ocrx_word' id='word_1_375' title='bbox 387 1378 475 1397; x_wconf 87' lang='lat' dir='ltr'>homines</span> <span class='ocrx_word' id='word_1_376' title='bbox 489 1379 568 1403; x_wconf 77' lang='lat' dir='ltr'>cogitari</span> <span class='ocrx_word' id='word_1_377' title='bbox 583 1382 674 1403; x_wconf 85' lang='lat' dir='ltr'>possunt,</span> <span class='ocrx_word' id='word_1_378' title='bbox 689 1379 742 1403; x_wconf 84' lang='lat' dir='ltr'>cujus</span> <span class='ocrx_word' id='word_1_379' title='bbox 756 1379 831 1403; x_wconf 87' lang='lat' dir='ltr'>generis</span> <span class='ocrx_word' id='word_1_380' title='bbox 845 1383 890 1397; x_wconf 86' lang='lat' dir='ltr'>sunt</span> <span class='ocrx_word' id='word_1_381' title='bbox 904 1379 973 1401; x_wconf 74' lang='lat' dir='ltr'>honos,</span> <span class='ocrx_word' id='word_1_382' title='bbox 987 1378 1084 1401; x_wconf 79' lang='lat' dir='ltr'>autoritas,</span> <span class='ocrx_word' id='word_1_383' title='bbox 1102 1377 1164 1402; x_wconf 87' lang='lat' dir='ltr'>impe-</span> 
     </span>
     <span class='ocr_line' id='line_1_37' title="bbox 264 1409 1165 1434; baseline -0.001 -6"><span class='ocrx_word' id='word_1_384' title='bbox 264 1415 293 1433; x_wconf 74' lang='lat' dir='ltr'>m,</span> <span class='ocrx_word' id='word_1_385' title='bbox 312 1410 463 1428; x_wconf 83' lang='lat' dir='ltr'>commodorum</span> <span class='ocrx_word' id='word_1_386' title='bbox 481 1410 568 1432; x_wconf 78' lang='lat' dir='ltr'>affluxus,</span> <span class='ocrx_word' id='word_1_387' title='bbox 588 1410 634 1428; x_wconf 81' lang='lat' dir='ltr'>haec</span> <span class='ocrx_word' id='word_1_388' title='bbox 648 1410 713 1428; x_wconf 82' lang='lat' dir='ltr'>omnia</span> <span class='ocrx_word' id='word_1_389' title='bbox 728 1410 750 1428; x_wconf 93' lang='lat' dir='ltr'>V.</span> <span class='ocrx_word' id='word_1_390' title='bbox 765 1410 818 1428; x_wconf 81' lang='lat' dir='ltr'>Mtati</span> <span class='ocrx_word' id='word_1_391' title='bbox 834 1410 852 1428; x_wconf 89' lang='lat' dir='ltr'>in</span> <span class='ocrx_word' id='word_1_392' title='bbox 867 1410 904 1428; x_wconf 84' lang='lat' dir='ltr'>hoc</span> <span class='ocrx_word' id='word_1_393' title='bbox 919 1410 986 1434; x_wconf 86' lang='lat' dir='ltr'>Regno</span> <span class='ocrx_word' id='word_1_394' title='bbox 1007 1409 1101 1427; x_wconf 81' lang='lat' dir='ltr'>cumulate</span> <span class='ocrx_word' id='word_1_395' title='bbox 1120 1412 1165 1427; x_wconf 90' lang='lat' dir='ltr'>sunt</span> 
     </span>
     <span class='ocr_line' id='line_1_38' title="bbox 264 1440 1165 1466; baseline -0.001 -7"><span class='ocrx_word' id='word_1_396' title='bbox 264 1444 311 1463; x_wconf 75' lang='lat' dir='ltr'>1utn,</span> <span class='ocrx_word' id='word_1_397' title='bbox 325 1445 385 1459; x_wconf 74' lang='lat' dir='ltr'>status</span> <span class='ocrx_word' id='word_1_398' title='bbox 399 1441 611 1465; x_wconf 79' lang='lat' dir='ltr'>honorificentissimus,</span> <span class='ocrx_word' id='word_1_399' title='bbox 626 1441 702 1466; x_wconf 81' lang='lat' dir='ltr'>Regalis</span> <span class='ocrx_word' id='word_1_400' title='bbox 716 1441 804 1466; x_wconf 84' lang='lat' dir='ltr'>dignitas,</span> <span class='ocrx_word' id='word_1_401' title='bbox 819 1441 948 1465; x_wconf 82' lang='lat' dir='ltr'>possessiones</span> <span class='ocrx_word' id='word_1_402' title='bbox 962 1440 1097 1465; x_wconf 82' lang='lat' dir='ltr'>amplissimae,</span> <span class='ocrx_word' id='word_1_403' title='bbox 1111 1440 1165 1465; x_wconf 89' lang='lat' dir='ltr'>isque</span> 
     </span>
     <span class='ocr_line' id='line_1_39' title="bbox 264 1472 1164 1497; baseline -0.001 -6"><span class='ocrx_word' id='word_1_404' title='bbox 264 1477 284 1491; x_wconf 73' lang='lat' dir='ltr'>u</span> <span class='ocrx_word' id='word_1_405' title='bbox 298 1472 317 1490; x_wconf 86' lang='lat' dir='ltr'>in</span> <span class='ocrx_word' id='word_1_406' title='bbox 332 1472 429 1491; x_wconf 86' lang='lat' dir='ltr'>demortui</span> <span class='ocrx_word' id='word_1_407' title='bbox 443 1473 507 1491; x_wconf 77' lang='lat' dir='ltr'>mariti</span> <span class='ocrx_word' id='word_1_408' title='bbox 520 1473 585 1491; x_wconf 87' lang='lat' dir='ltr'>locum</span> <span class='ocrx_word' id='word_1_409' title='bbox 598 1472 692 1496; x_wconf 78' lang='lat' dir='ltr'>suffectus,</span> <span class='ocrx_word' id='word_1_410' title='bbox 707 1473 740 1497; x_wconf 92' lang='lat' dir='ltr'>qui</span> <span class='ocrx_word' id='word_1_411' title='bbox 752 1473 771 1491; x_wconf 88' lang='lat' dir='ltr'>S.</span> <span class='ocrx_word' id='word_1_412' title='bbox 783 1473 861 1491; x_wconf 86' lang='lat' dir='ltr'>Mtatem</span> <span class='ocrx_word' id='word_1_413' title='bbox 874 1473 896 1491; x_wconf 90' lang='lat' dir='ltr'>V.</span> <span class='ocrx_word' id='word_1_414' title='bbox 908 1479 947 1491; x_wconf 88' lang='lat' dir='ltr'>non</span> <span class='ocrx_word' id='word_1_415' title='bbox 960 1476 981 1491; x_wconf 91' lang='lat' dir='ltr'>ut</span> <span class='ocrx_word' id='word_1_416' title='bbox 991 1472 1088 1491; x_wconf 83' lang='lat' dir='ltr'>subditam</span> <span class='ocrx_word' id='word_1_417' title='bbox 1100 1472 1164 1494; x_wconf 80' lang='lat' dir='ltr'>habet,</span> 
     </span>
     <span class='ocr_line' id='line_1_40' title="bbox 280 1503 1164 1528; baseline 0 -6"><span class='ocrx_word' id='word_1_418' title='bbox 280 1507 302 1522; x_wconf 84' lang='lat' dir='ltr'>ut</span> <span class='ocrx_word' id='word_1_419' title='bbox 315 1503 420 1522; x_wconf 81' lang='lat' dir='ltr'>Dominam</span> <span class='ocrx_word' id='word_1_420' title='bbox 435 1504 490 1527; x_wconf 68' lang='lat' dir='ltr'>colity</span> <span class='ocrx_word' id='word_1_421' title='bbox 510 1508 531 1522; x_wconf 84' lang='lat' dir='ltr'>ut</span> <span class='ocrx_word' id='word_1_422' title='bbox 544 1504 625 1522; x_wconf 76' lang='lat' dir='ltr'>Matrem</span> <span class='ocrx_word' id='word_1_423' title='bbox 641 1504 732 1527; x_wconf 83' lang='lat' dir='ltr'>honorat,</span> <span class='ocrx_word' id='word_1_424' title='bbox 752 1504 886 1528; x_wconf 79' lang='lat' dir='ltr'>honorareque</span> <span class='ocrx_word' id='word_1_425' title='bbox 907 1504 968 1522; x_wconf 84' lang='lat' dir='ltr'>modis</span> <span class='ocrx_word' id='word_1_426' title='bbox 983 1504 1079 1525; x_wconf 84' lang='lat' dir='ltr'>omnibus,</span> <span class='ocrx_word' id='word_1_427' title='bbox 1099 1503 1164 1528; x_wconf 80' lang='lat' dir='ltr'>quoad</span> 
     </span>
     <span class='ocr_line' id='line_1_41' title="bbox 264 1534 1164 1559; baseline -0.001 -6"><span class='ocrx_word' id='word_1_428' title='bbox 264 1534 306 1557; x_wconf 80' lang='lat' dir='ltr'>=rit,</span> <span class='ocrx_word' id='word_1_429' title='bbox 321 1540 344 1553; x_wconf 82' lang='lat' dir='ltr'>ex</span> <span class='ocrx_word' id='word_1_430' title='bbox 357 1534 423 1553; x_wconf 78' lang='lat' dir='ltr'>animo</span> <span class='ocrx_word' id='word_1_431' title='bbox 440 1535 546 1559; x_wconf 80' lang='lat' dir='ltr'>pollicetur,</span> <span class='ocrx_word' id='word_1_432' title='bbox 566 1535 599 1553; x_wconf 91' lang='lat' dir='ltr'>ubi</span> <span class='ocrx_word' id='word_1_433' title='bbox 614 1539 677 1554; x_wconf 82' lang='lat' dir='ltr'>autem</span> <span class='ocrx_word' id='word_1_434' title='bbox 693 1535 730 1553; x_wconf 83' lang='lat' dir='ltr'>illic</span> <span class='ocrx_word' id='word_1_435' title='bbox 740 1535 747 1547; x_wconf 61' lang='grc' dir='ltr'>Ἰ</span> <span class='ocrx_word' id='word_1_436' title='bbox 761 1535 780 1553; x_wconf 91' lang='lat' dir='ltr'>S.</span> <span class='ocrx_word' id='word_1_437' title='bbox 795 1536 844 1553; x_wconf 83' lang='lat' dir='ltr'>Mtas</span> <span class='ocrx_word' id='word_1_438' title='bbox 860 1535 881 1553; x_wconf 96' lang='lat' dir='ltr'>V.</span> <span class='ocrx_word' id='word_1_439' title='bbox 896 1535 1014 1558; x_wconf 73' lang='lat' dir='ltr'>consisteret,</span> <span class='ocrx_word' id='word_1_440' title='bbox 1034 1534 1130 1553; x_wconf 85' lang='lat' dir='ltr'>subditam</span> <span class='ocrx_word' id='word_1_441' title='bbox 1144 1540 1164 1552; x_wconf 89' lang='lat' dir='ltr'>se</span> 
     </span>
     <span class='ocr_line' id='line_1_42' title="bbox 264 1566 1164 1591; baseline 0 -7"><span class='ocrx_word' id='word_1_442' title='bbox 264 1570 313 1589; x_wconf 78' lang='lat' dir='ltr'>eret,</span> <span class='ocrx_word' id='word_1_443' title='bbox 328 1566 381 1590; x_wconf 90' lang='lat' dir='ltr'>quod</span> <span class='ocrx_word' id='word_1_444' title='bbox 396 1572 453 1590; x_wconf 80' lang='lat' dir='ltr'>quam</span> <span class='ocrx_word' id='word_1_445' title='bbox 469 1566 548 1585; x_wconf 83' lang='lat' dir='ltr'>Mtatem</span> <span class='ocrx_word' id='word_1_446' title='bbox 564 1567 586 1585; x_wconf 98' lang='lat' dir='ltr'>V.</span> <span class='ocrx_word' id='word_1_447' title='bbox 602 1567 673 1589; x_wconf 80' lang='lat' dir='ltr'>deccat,</span> <span class='ocrx_word' id='word_1_448' title='bbox 688 1573 786 1591; x_wconf 88' lang='lat' dir='ltr'>quamque</span> <span class='ocrx_word' id='word_1_449' title='bbox 800 1567 840 1591; x_wconf 82' lang='lat' dir='ltr'>ejus</span> <span class='ocrx_word' id='word_1_450' title='bbox 854 1567 982 1591; x_wconf 75' lang='lat' dir='ltr'>amplissimae</span> <span class='ocrx_word' id='word_1_451' title='bbox 997 1566 1084 1591; x_wconf 85' lang='lat' dir='ltr'>dignitati</span> <span class='ocrx_word' id='word_1_452' title='bbox 1096 1572 1164 1584; x_wconf 87' lang='lat' dir='ltr'>conve-</span> 
     </span>
     <span class='ocr_line' id='line_1_43' title="bbox 264 1597 1164 1622; baseline 0 -6"><span class='ocrx_word' id='word_1_453' title='bbox 264 1599 281 1621; x_wconf 78' lang='grc' dir='ltr'>Ι,</span> <span class='ocrx_word' id='word_1_454' title='bbox 296 1597 350 1616; x_wconf 76' lang='lat' dir='ltr'>facile</span> <span class='ocrx_word' id='word_1_455' title='bbox 362 1603 397 1622; x_wconf 87' lang='lat' dir='ltr'>pro</span> <span class='ocrx_word' id='word_1_456' title='bbox 409 1603 443 1616; x_wconf 74' lang='lat' dir='ltr'>sua</span> <span class='ocrx_word' id='word_1_457' title='bbox 456 1598 556 1622; x_wconf 79' lang='lat' dir='ltr'>prudentia</span> <span class='ocrx_word' id='word_1_458' title='bbox 571 1598 677 1616; x_wconf 81' lang='lat' dir='ltr'>existimare</span> <span class='ocrx_word' id='word_1_459' title='bbox 690 1598 765 1622; x_wconf 80' lang='lat' dir='ltr'>poterit.</span> <span class='ocrx_word' id='word_1_460' title='bbox 781 1598 869 1616; x_wconf 67' lang='lat' dir='ltr'>Prae-esse</span> <span class='ocrx_word' id='word_1_461' title='bbox 881 1598 931 1616; x_wconf 87' lang='lat' dir='ltr'>enim</span> <span class='ocrx_word' id='word_1_462' title='bbox 944 1604 1001 1622; x_wconf 84' lang='lat' dir='ltr'>quarn</span> <span class='ocrx_word' id='word_1_463' title='bbox 1014 1598 1092 1616; x_wconf 80' lang='lat' dir='ltr'>subesse</span> <span class='ocrx_word' id='word_1_464' title='bbox 1104 1597 1164 1615; x_wconf 84' lang='lat' dir='ltr'>multo</span> 
     </span>
    </p>
   </div>
   <div class='ocr_carea' id='block_1_5' title="bbox 264 1675 955 1718">
    <p class='ocr_par' dir='ltr' id='par_1_6' title="bbox 264 1675 955 1718">
     <span class='ocr_line' id='line_1_44' title="bbox 265 1675 955 1696; baseline -0.001 -5"><span class='ocrx_word' id='word_1_465' title='bbox 265 1676 273 1687; x_wconf 78' lang='grc' dir='ltr'>Ι</span> <span class='ocrx_word' id='word_1_466' title='bbox 296 1676 366 1696; x_wconf 65' lang='grc' dir='ltr'>ΚςΙωρὶε</span> <span class='ocrx_word' id='word_1_467' title='bbox 378 1676 416 1691; x_wconf 68' lang='lat' dir='ltr'>bibl,</span> <span class='ocrx_word' id='word_1_468' title='bbox 427 1676 459 1696; x_wconf 71' lang='lat' dir='ltr'>sag.</span> <span class='ocrx_word' id='word_1_469' title='bbox 472 1676 503 1691; x_wconf 68' lang='lat' dir='ltr'>Ner</span> <span class='ocrx_word' id='word_1_470' title='bbox 517 1676 549 1696; x_wconf 83' lang='grc'>175,</span> <span class='ocrx_word' id='word_1_471' title='bbox 561 1677 565 1691; x_wconf 97' lang='lat' dir='ltr'>l</span> <span class='ocrx_word' id='word_1_472' title='bbox 578 1676 665 1696; x_wconf 71' lang='lat' dir='ltr'>zos—259.</span> <span class='ocrx_word' id='word_1_473' title='bbox 729 1676 735 1686; x_wconf 79' lang='lat'>²</span> <span class='ocrx_word' id='word_1_474' title='bbox 749 1676 844 1691; x_wconf 57' lang='lat' dir='ltr'>stanislaum</span> <span class='ocrx_word' id='word_1_475' title='bbox 856 1675 955 1691; x_wconf 71' lang='lat' dir='ltr'>Tarnowski.</span> 
     </span>
     <span class='ocr_line' id='line_1_45' title="bbox 264 1701 559 1718; baseline -0.007 0"><span class='ocrx_word' id='word_1_476' title='bbox 264 1702 274 1714; x_wconf 75' lang='grc' dir='ltr'>Ι</span> <span class='ocrx_word' id='word_1_477' title='bbox 288 1702 370 1718; x_wconf 73' lang='lat' dir='ltr'>luben-e.</span> <span class='ocrx_word' id='word_1_478' title='bbox 433 1702 439 1712; x_wconf 68' lang='grc' dir='ltr'>Ι</span> <span class='ocrx_word' id='word_1_479' title='bbox 453 1708 473 1715; x_wconf 94' lang='lat'><strong>=</strong></span> <span class='ocrx_word' id='word_1_480' title='bbox 484 1701 500 1716; x_wconf 86' lang='lat' dir='ltr'>in</span> <span class='ocrx_word' id='word_1_481' title='bbox 511 1701 559 1717; x_wconf 73' lang='lat' dir='ltr'>ltalia.</span> 
     </span>
    </p>
   </div>
   <div class='ocr_carea' id='block_1_6' title="bbox 297 1729 1067 1753">
    <p class='ocr_par' dir='ltr' id='par_1_7' title="bbox 297 1729 1067 1753">
     <span class='ocr_line' id='line_1_46' title="bbox 297 1729 1067 1753; baseline -0.005 -2"><span class='ocrx_word' id='word_1_482' title='bbox 297 1739 333 1751; x_wconf 60' lang='lat' dir='ltr'>aa·</span> <span class='ocrx_word' id='word_1_483' title='bbox 340 1738 404 1750; x_wconf 68' lang='lat' dir='ltr'>rotant-</span> <span class='ocrx_word' id='word_1_484' title='bbox 412 1738 480 1753; x_wconf 72' lang='grc' dir='ltr'>ιιιιιοι-ιιι,</span> <span class='ocrx_word' id='word_1_485' title='bbox 489 1739 532 1750; x_wconf 70' lang='lat' dir='ltr'>mua-u</span> <span class='ocrx_word' id='word_1_486' title='bbox 540 1738 551 1749; x_wconf 77' lang='grc' dir='ltr'>ι.</span> <span class='ocrx_word' id='word_1_487' title='bbox 1043 1729 1067 1747; x_wconf 78' lang='grc'>68</span> 
     </span>
    </p>
   </div>
  </div>
 </body>
</html>
