1465 2093
574 210 715 226 ”momen
727 211 789 228 husu-1,
803 210 860 225 !:nu-
1146 210 1180 230 341

282 294 320 313 650.
501 296 598 315 Joanni
611 295 714 315 oeieski
728 295 936 315 Procancellario.

891 342 1009 365 rknciborci,
1025 343 1050 360 23
1063 342 1114 367 §last
1129 342 1183 361 1551.

312 379 384 397 Literas
397 385 450 398 meas
464 385 500 404 pro
514 379 559 397 Dno
573 379 695 398 Tulibowski
707 379 711 391 ¹
725 383 744 398 et
758 379 781 397 R.
799 379 854 397 Mtati
871 382 933 404 gratas
949 382 968 397 et
984 378 1007 397 V.
1025 378 1082 397 Mtiae
1096 382 1184 403 acceptas

265 410 310 429 fuisse
325 410 408 435 gaudeo,
427 411 483 435 une
501 410 548 429 mihi
565 417 643 435 quoque
660 410 717 429 Mtiae
734 411 799 429 literae
816 410 935 435 placuerunt.
956 410 1071 435 placuissent
1088 409 1155 434 magis,
1168 409 1184 428 si

266 448 289 460 me
301 442 320 460 iis
333 442 356 460 de
368 442 432 465 rebus,
447 448 496 467 quae
507 442 649 466 contingerunt,
664 442 751 460 fecissent
762 442 860 466 copiosius
875 441 986 464 certiorerm
1001 447 1046 459 nam
1058 445 1077 460 et
1087 441 1111 459 de
1122 444 1184 460 morte

266 473 346 497 Reginalis
361 473 426 492 Mtatis
436 473 444 486 ²
463 473 550 498 pluribus
564 473 679 496 voluissem,
697 477 715 492 et
729 473 753 491 de
767 473 802 492 hac
817 473 930 492 Lithuanica
944 472 1063 497 profectione
1073 472 1081 485 ³
1099 472 1184 494 uberius.

268 510 303 529 quae
313 504 412 529 quomodo
424 505 481 523 rebus
493 504 523 523 hic
535 504 643 523 constitutis
654 504 678 523 sit
690 504 783 526 instituta,
795 504 851 529 plane
863 504 938 529 ignoro.
951 504 1011 527 Quod
1022 509 1102 529 possum
1114 507 1185 527 tamen,

267 541 302 560 roga
315 535 337 554 V.
351 535 429 559 Mtiarn,
443 540 464 554 ut
477 536 502 554 ab
516 536 540 555 R.
555 536 614 554 Mtate
628 536 698 554 nostris
712 536 774 554 verbis
788 540 840 560 petat
854 540 872 554 et
886 535 985 560 supplicet,
1000 539 1021 554 ut
1035 535 1053 553 in
1067 535 1103 553 hac
1116 539 1135 554 et
1150 540 1185 553 suu

267 570 279 584 et
289 570 345 585 nostra
365 567 450 585 absentia
470 567 619 586 Cracoviensem
636 567 739 586 dioecesim
754 567 779 585 ita
794 567 898 591 relinquat,
918 571 939 585 ut
954 566 1021 591 religio
1035 570 1088 585 vetus
1108 572 1183 591 permu-

267 601 303 620 neat,
315 598 440 617 novatoribus
454 599 532 617 audacia
547 599 674 623 praecidatur.
689 600 738 623 Agat
752 598 772 617 id
786 598 809 616 V.
824 598 870 616 Mtia
882 602 900 617 et
912 598 981 621 verbis,
996 597 1066 622 quibus
1077 597 1183 616 amicorum

268 629 327 653 negotia
341 629 395 652 solet,
410 634 428 648 et
441 630 549 653 autoritate,
564 635 602 654 qua
616 630 712 654 ejusmodi
727 636 756 648 res
771 630 833 648 debet.
849 629 900 648 Bene
912 635 970 654 porro
982 629 1048 648 valeat.
1064 629 1183 648 Venciborco

267 665 283 678 ex
293 660 344 679 natali
358 660 407 684 solo,
422 661 483 679 XXIII
499 661 545 686 Maji
559 661 630 680 MDLI.

285 732 321 752 651.
566 734 684 758 Capitulo
699 735 870 754 cracoviensi.

890 781 1009 804 Veneiborci,
1024 782 1050 800 24
1064 781 1115 806 Maji·
1129 781 1183 800 1551.

314 816 332 835 Si
341 823 377 842 ego
386 817 508 836 acerbitatem
519 824 598 837 omnem
608 824 677 841 meam,
690 824 738 843 quae
747 818 797 837 sorte
806 818 909 843 ingrueret,
921 818 985 837 dolori
998 818 1038 837 fore
1047 818 1087 837 VV.
1098 817 1185 837 Ftatibus

268 847 301 865 mihi
313 849 426 872 persuadeo,
441 849 511 867 debent
525 849 568 868 illae
582 849 675 875 yicissim,
695 855 744 874 quae
758 849 794 868 sibi
809 855 888 874 quoque
902 849 955 868 modi
970 849 1023 868 istius
1038 849 1148 874 obtingunt,
1162 855 1184 868 ea

268 879 363 902 permolesta
378 880 426 898 milii
440 880 547 899 existimare
562 887 608 899 esse.
624 881 676 899 Haec
691 881 725 899 ista
740 880 802 899 fratris
816 881 854 899 mei
865 881 871 893 ⁴
885 881 986 899 insolentia
1001 881 1067 899 multis
1079 887 1109 899 me
1121 880 1184 899 nomi-

269 909 309 928 nibus
322 911 369 929 male
384 911 448 934 habet,
462 912 492 930 vel
506 912 558 937 quod
573 918 583 930 a
598 912 654 930 fratre
669 912 752 936 prosecta
767 912 797 934 sit,
812 912 842 931 cui
854 919 896 931 mea
909 912 985 937 meique
997 912 1070 931 ordinis
1082 912 1183 930 hominum

268 941 363 961 existimatio
378 943 454 961 charior
468 949 514 966 esse,
536 949 592 968 quam
608 943 651 966 fuit,
671 944 747 965 debuit,
767 944 795 962 vel
814 944 867 968 quod
882 944 900 962 in
916 949 960 962 eum
975 943 1036 962 virum
1047 944 1054 955 ⁵
1067 944 1133 966 laxata,
1151 943 1184 967 qui

268 972 308 990 omni
320 973 386 992 virtute
401 974 430 992 vel
445 978 512 992 natura
527 974 640 998 instructus,
661 975 689 994 vel
704 975 790 994 doctrina
805 979 832 994 est
847 975 979 998 confirmatus,
999 975 1028 994 vel
1042 975 1096 1000 quod
1110 981 1133 993 eo
1147 975 1184 993 loci
1211 984 1214 987 -

269 1002 326 1027 jactata,
337 1010 394 1029 quem
407 1011 444 1030 ego
453 1005 493 1024 VV.
506 1005 582 1024 Ftatum
595 1006 719 1025 concessione
731 1007 810 1025 obtineo
818 1008 832 1030 ⁴⁵,
842 1011 863 1025 ut
875 1007 926 1025 nude
939 1006 1002 1025 omnis
1011 1006 1079 1031 procul
1090 1006 1184 1031 intempe-

269 1035 320 1058 tantia,
336 1036 439 1061 omnisque
454 1037 557 1056 scurrilitas
572 1038 637 1056 abesse
652 1038 725 1056 debeat.
742 1038 810 1056 Scribo
825 1037 904 1062 Caspari
917 1039 921 1050 ¹
936 1044 970 1062 per
985 1038 1007 1056 R.
1022 1037 1086 1056 Mtatis
1100 1036 1184 1056 Cubicu-

269 1064 326 1090 larium,
340 1068 372 1092 qui
388 1072 438 1086 recte
454 1068 472 1086 in
487 1069 538 1087 idem
553 1073 629 1093 tempus
644 1069 742 1092 inciderat,
756 1070 823 1088 acerbe
838 1076 868 1087 me
884 1069 961 1088 Hercle!
976 1073 994 1088 et
1005 1069 1053 1088 sicut
1065 1069 1129 1087 decuit
1142 1075 1184 1093 gra-

268 1096 308 1119 viter,
324 1105 401 1117 omnem
416 1103 436 1118 ut
451 1100 545 1118 rationem
566 1100 626 1122 ineat,
647 1106 685 1125 qua
700 1100 737 1119 Dni
752 1100 863 1119 Miskowski
883 1100 967 1125 primum
988 1100 1096 1123 acerbitati,
1116 1100 1184 1119 deinde

269 1127 351 1148 offensioni
363 1131 451 1149 omnium
463 1135 547 1149 vestrum
560 1132 656 1150 cumulate
668 1132 776 1150 satisfaciat.
789 1132 852 1154 Quem
867 1138 902 1156 ego
912 1131 1016 1156 Casparem
1029 1136 1096 1150 natura
1108 1131 1184 1150 fratrem

268 1163 298 1177 ¹¹⁰¹!
307 1160 345 1179 ideo
357 1162 432 1186 magnis
444 1159 491 1180 meis
502 1162 611 1187 sumptibus
623 1163 641 1181 in
654 1163 697 1181 aula
706 1164 713 1175 ⁷
725 1163 808 1186 detineo,
820 1167 840 1181 ut
853 1163 941 1181 homines
953 1163 1069 1186 moderatus,
1082 1163 1119 1182 mei
1131 1169 1185 1188 prae-

268 1190 318 1209 sertim
331 1192 404 1211 ordinis
419 1193 499 1212 incessat
513 1197 531 1212 et
545 1194 648 1218 perturbet,
664 1194 697 1212 sed
712 1198 733 1212 ut
747 1194 841 1219 obsequio
856 1200 891 1213 suo
907 1194 985 1213 Mtatem
1000 1194 1030 1216 R..
1045 1194 1059 1213 si
1072 1194 1135 1213 minus
1149 1194 1184 1212 sibi

268 1219 294 1244 ῙΡΞῙ
306 1227 370 1247 potest,
384 1228 403 1242 at
417 1225 463 1243 mihi
478 1225 545 1243 saltem
560 1231 643 1250 meoque
658 1226 720 1244 ordini
735 1226 835 1248 devinciat,
851 1225 990 1250 familiaresque
1005 1226 1093 1250 aequales
1107 1232 1153 1244 suos
1167 1229 1185 1244 et

268 1256 377 1280 quoscunque
397 1260 462 1280 potest
478 1256 599 1281 Superiores,
619 1257 686 1275 reddat
702 1257 802 1276 amiciores
817 1257 878 1275 nobis.
905 1257 924 1275 Id
939 1257 954 1275 si
969 1257 999 1275 ille
1014 1263 1053 1276 non
1071 1258 1130 1275 modo
1145 1263 1184 1275 non

268 1281 305 1307 facit,
317 1292 382 1305 verum
397 1287 454 1305 etiam
469 1287 513 1306 facit
527 1288 651 1310 contrarium,
666 1288 736 1307 mirum
752 1295 791 1307 non
805 1289 846 1311 erit,
861 1289 876 1307 si
888 1289 941 1307 illum
954 1288 1065 1313 poenitebit.
1080 1288 1120 1307 Jurn
1134 1294 1185 1307 nunc

267 1314 305 1334 enim
320 1318 390 1336 mando
408 1318 433 1336 illi
452 1325 485 1342 per
503 1319 572 1341 literas,
592 1319 651 1337 domo
667 1319 701 1338 ista
716 1320 801 1344 primum
816 1324 837 1338 ut
851 1320 965 1344 egrediatur,
985 1320 1054 1338 deinde
1069 1320 1104 1338 nisi
1119 1319 1185 1338 Dnum

266 1343 361 1367 Miskowski
377 1353 395 1367 et
410 1349 450 1368 VV.
465 1350 529 1368 Ftates
546 1351 627 1375 supplex
645 1351 721 1374 adierit,
740 1357 858 1376 omnemque
873 1351 949 1375 culpam
967 1351 1080 1375 deprecatus
1097 1351 1154 1369 suerit
1167 1355 1186 1369 et

265 1380 297 1395 <⁰¹¹¹
310 1379 329 1398 iis
344 1380 362 1399 in
378 1380 460 1405 primam
475 1381 555 1406 gratiam
571 1381 653 1404 redierit,
668 1382 731 1400 scribo
744 1382 776 1404 illi,
793 1388 823 1400 me
835 1386 964 1404 ostensurum,
979 1386 1000 1401 ut
1012 1382 1044 1407 qui
1058 1382 1104 1401 mihi
1117 1386 1185 1401 natura

265 1405 309 1428 frate,-
321 1415 357 1434 est,
378 1412 393 1430 is
408 1412 454 1430 mihi
474 1413 534 1437 gratia
555 1419 595 1431 non
610 1413 633 1431 sit
648 1413 704 1431 frater
724 1413 813 1438 amplius,
834 1417 851 1432 et
866 1419 904 1438 quo
925 1413 970 1431 mihi
991 1413 1066 1431 charior
1084 1413 1155 1436 fuisset,
1170 1413 1184 1431 si

264 1442 313 1460 meam
326 1443 441 1462 modestiam
456 1444 562 1462 imitaretur
573 1448 591 1463 et
603 1444 676 1463 ordinis
691 1445 727 1463 mei
741 1445 828 1463 homines
845 1445 960 1467 observaret,
976 1445 1013 1463 hoc
1028 1444 1084 1467 mihi,
1099 1444 1151 1469 quod
1166 1444 1185 1463 id

264 1473 292 1489 ¹01¹
309 1473 360 1497 facit,
380 1474 441 1499 magis
456 1475 480 1494 sit
493 1481 561 1494 exosus
579 1476 659 1495 futurus.
685 1476 726 1495 VV.
742 1480 806 1495 autem
825 1476 911 1495 Ftatibus
926 1476 944 1494 id
959 1476 1057 1500 polliceor,
1078 1476 1112 1494 nisi
1127 1476 1151 1494 ad
1166 1482 1185 1495 se

264 1501 328 1523 ‘edierit
341 1505 456 1530 veniamque
471 1513 480 1524 a
496 1506 535 1525 VV.
551 1507 638 1525 Ftatibus
652 1512 740 1532 precatus
755 1507 866 1530 obtinuerit,
884 1514 914 1526 me
928 1507 1027 1526 vobiscum
1042 1507 1061 1525 in
1075 1513 1098 1525 eo
1113 1513 1186 1532 poenas

264 1536 293 1552 ⁵³²
306 1541 450 1560 persecuturum
463 1537 514 1556 haud
525 1538 585 1561 aliter,
601 1544 659 1563 quain
671 1539 686 1557 si
699 1539 745 1557 mihi
758 1539 901 1557 adversissimus
914 1542 932 1557 et
943 1543 1010 1557 natura
1022 1538 1077 1557 suerit
1090 1542 1108 1556 et
1118 1538 1185 1557 volun-

265 1566 298 1585 ΙῙΕ.
319 1568 345 1586 Ita
360 1575 396 1592 ego
411 1568 459 1587 hanc
478 1569 514 1587 Dni
532 1569 643 1588 Miskowski
662 1570 750 1594 injuriam
765 1570 839 1594 Vune
854 1570 930 1588 Ftatum
951 1570 1073 1588 acerbitatem
1093 1569 1186 1588 violenter

264 1593 317 1617 dero.
332 1599 360 1617 De
375 1599 470 1624 Pradnico
485 1601 597 1619 suburbano
613 1607 662 1624 meo,
677 1607 726 1626 quae
741 1607 762 1619 ex
778 1601 864 1619 Ftatibus
875 1603 882 1611 “
895 1601 960 1625 audio,
975 1601 1032 1619 etiam
1047 1600 1087 1619 sero
1099 1601 1185 1619 moleste.

286 1654 293 1664 ¹
314 1656 356 1671 liistu
368 1659 405 1677 tego
417 1657 469 1673 niema
481 1662 496 1672 w
507 1657 590 1678 quopisie.
654 1658 660 1668 ἵ
683 1657 764 1673 Βεὼπκ,
831 1658 837 1668 ²
858 1657 953 1678 Sigiamundi
966 1658 1040 1678 Augusti.

283 1680 291 1690 ⁴
312 1682 383 1702 Casparis
395 1683 522 1703 Zebrzydowski,
535 1684 554 1699 cf.
566 1684 678 1704 Appendicem.
743 1684 749 1694 ¹
771 1684 787 1699 Ρ.
799 1684 910 1704 Myszkowski.

284 1705 294 1716 ²
313 1708 336 1723 Cf.
348 1708 372 1723 ²3.
437 1709 443 1719 ⁷
465 1709 518 1729 Regia.
582 1710 589 1720 ⁹
610 1710 632 1726 Ex
644 1710 693 1726 literis
705 1710 766 1726 Martini
779 1710 855 1728 Cromeri,
867 1710 886 1725 cf.
897 1710 1012 1730 Appendieern.
