1465 2093
495 213 636 228 ammomum
649 214 711 232 mm,
725 214 833 228 Ax‘l’mmtx.
1096 210 1132 235 547

188 270 277 284 nostrae
291 265 347 284 etiam
362 270 406 284 sunt
420 265 514 288 miseriae,
529 266 548 284 in
561 266 632 290 quibus
646 266 734 291 quotidie
749 272 853 290 versamur,
865 270 946 291 propter
960 267 1084 291 quorundam
1096 267 1132 285 im-

189 297 317 315 moderatam
332 297 440 319 licentiam,
455 297 487 321 qni
502 303 613 321 quanquam
628 303 648 316 se
663 297 767 316 catholicos
781 297 913 322 profiteantur,
928 298 975 316 nihil
989 302 1053 316 tamen
1068 298 1133 317 minus

189 332 243 346 sunt
263 334 321 352 quarn
342 328 439 351 catholici,
461 334 504 346 narn
525 328 577 352 ipsos
598 329 689 347 barbaros
709 333 728 347 et
742 328 823 352 Scythas
843 329 916 347 malicia
931 333 950 347 et
963 329 1074 348 crudelitate
1094 330 1132 354 jam

191 359 273 378 dudum
287 363 410 384 superarunt,
431 359 463 383 qui
479 359 615 377 haereditatem
631 359 701 378 Christi
720 360 840 382 invaserunt,
861 360 893 384 qui
908 366 986 378 ornnem
1006 360 1078 379 cultum
1093 361 1133 385 ejus

192 394 342 415 perverterunt,
363 391 394 415 qui
410 391 473 409 Mratis
488 390 510 408 V.
525 390 544 409 S.
560 391 645 409 bonitate
665 391 718 409 abusi
732 395 787 413 sunt,
809 397 846 415 qua
861 391 888 409 uti
903 397 943 409 non
958 392 1010 410 abuti
1031 392 1132 410 debebant.

193 422 236 441 Sed
251 422 297 440 haec
315 422 379 440 onmia
398 422 465 440 melius
486 426 513 440 est
534 422 615 440 tacendo
630 428 760 446 concoquere,
780 428 838 447 quam
853 423 1025 441 commemorando
1045 423 1132 441 dolorem

194 459 296 472 renovare.
311 453 359 471 Mihi
374 453 438 471 Mtatis
454 453 475 471 V.
490 453 555 471 literae
575 453 694 471 Miechoviae
707 454 710 465 ¹
730 453 787 472 hodie
801 457 845 472 ante
859 454 922 472 lucem
936 454 1047 472 Volboriam
1062 460 1132 478 prope-

195 484 246 503 ranti
262 484 346 503 redditae
360 488 411 507 sunt,
426 484 450 502 ad
462 490 509 508 quus
521 488 539 502 et
551 488 630 508 propter
645 485 701 503 breve
715 489 791 509 tempus
806 489 824 503 et
838 489 916 509 propter
931 491 968 508 eas,
983 491 1030 509 quas
1045 485 1132 503 nondum

196 516 276 534 exhausi
292 516 395 538 molestias,
411 519 431 534 ut
446 516 539 538 volebam,
554 516 671 540 respondere
687 522 725 534 non
741 516 802 540 potui,
818 516 842 534 ita
857 519 920 534 tamen
935 516 1053 540 respondeo,
1068 520 1089 534 ut
1103 522 1132 535 re-

196 547 256 572 quirit
271 551 289 565 et
304 553 345 565 mea
360 546 407 565 fides
425 551 443 565 et
457 547 561 571 praesentis
582 547 674 571 temporis
694 547 802 565 necessitas.
825 547 930 565 Suaderem
951 553 987 571 ego
1007 547 1132 566 Serenissime

196 578 244 601 Rex,
260 583 280 597 ut
295 582 374 603 propter
388 585 416 601 ea,
431 584 479 603 quae
494 578 530 602 jam
547 578 689 602 propemodum
704 578 723 596 in
739 578 813 596 foribus
830 582 874 596 sunt
889 578 981 602 pericula,
997 577 1081 596 Comitia
1095 578 1132 597 hoc

196 614 285 634 tempore
300 610 426 632 edicerentur,
442 610 461 628 in
476 610 545 634 quibus
561 609 646 628 celeriter
661 609 773 628 deliberatio
793 609 909 628 defensionis
924 610 1028 628 necessaria
1047 609 1131 634 suscipe—

196 645 258 663 retur,
273 641 288 659 si
303 641 386 659 viderem
402 647 422 659 ea
438 645 502 659 mente
516 641 652 665 voluntateque
667 646 735 659 omnes
750 646 799 662 esse,
820 646 858 665 qua
873 646 907 659 nos
922 646 998 664 sumus,
1019 640 1052 665 qui
1067 641 1131 659 Mtatis

197 672 218 691 V.
232 672 251 691 S.
265 676 321 691 nutus
333 673 464 691 observamus.
480 672 518 690 Sed
533 678 592 696 quum
608 671 686 696 quidam
701 672 761 696 tnagis
773 672 796 690 nd
809 676 883 690 motum
895 678 953 696 quarn
965 672 989 690 ad
1003 672 1064 696 otium
1078 678 1131 691 com-

196 704 254 728 positi
276 710 316 722 esse
336 704 444 725 videantur,
464 709 540 725 vercor,
561 709 584 721 ne
599 709 621 721 cx
635 703 698 727 aliqua
718 703 753 721 levi
768 709 786 722 re
801 703 921 722 occasionem
941 703 1042 728 arripiant,
1062 709 1099 728 qua
1114 707 1132 722 et

196 735 282 754 Comitia
303 734 387 753 inficiant
401 739 419 753 ct
434 738 510 753 nostros
530 734 604 752 labores
622 734 685 752 irritos
705 734 780 753 faciant.
801 734 865 757 Quare
880 740 960 757 censeo,
980 738 1000 752 ut
1014 734 1038 753 de
1052 734 1131 759 singulis

194 767 253 785 rebus
273 766 330 785 simul
349 766 456 784 secundum
477 766 540 784 literas
561 765 722 784 Vnrschovicnses
743 766 851 788 edicantur,
871 772 894 784 ne
915 766 944 784 isti
962 766 1044 784 nimium
1067 765 1132 784 fideles

193 797 289 816 libertatis
302 803 347 815 suae
362 797 450 815 custodes
465 797 556 818 habeant,
577 803 616 821 qno
631 797 664 815 has
679 801 717 815 tarn
733 797 847 815 necessarias
862 797 1009 815 deliberationes
1026 797 1130 821 infirment,

191 829 249 853 quod
265 834 308 847 cuin
323 828 405 852 quadarn
426 828 490 846 Mtatis
505 828 527 846 V.
542 828 561 845 S.
576 828 674 852 dignitatis
689 828 825 846 imminutione
840 827 903 851 fieret,
918 834 1033 853 necesseque
1053 828 1131 847 haberet

190 860 244 878 Mtas
260 859 283 877 V.
298 859 317 878 S.
331 859 367 878 alia
382 859 465 877 Comitia
480 865 501 877 ex
516 865 583 877 eorum
597 859 676 877 arbitrio
695 859 784 877 indicere.
805 859 866 877 Erunt
879 865 924 877 vero
939 859 985 879 haec
1000 859 1041 878 Deo
1055 859 1131 878 volente

190 891 248 910 utilia
265 895 283 909 et
298 891 402 909 necessaria
417 890 507 911 Comitia,
522 891 582 909 modo
597 896 617 908 ea
633 890 696 909 Mtatis
712 890 733 908 V.
749 890 768 908 S.
783 890 886 908 autoritate
900 890 953 913 fiant,
968 896 1016 914 quae
1028 890 1131 909 hominum

188 922 297 941 libidinem
312 926 410 944 resecaret,
426 922 521 940 licentiam
537 922 679 946 comprimeret,
701 925 765 939 motus
780 927 847 939 omnes
861 921 941 943 sedaret,
956 928 1023 945 pacem
1038 925 1056 940 et
1069 922 1131 940 otium

187 953 298 976 stabiliret;
319 959 362 971 nam
379 953 411 977 qni
426 953 494 971 virtute
515 953 589 971 retineri
605 953 623 971 in
639 952 703 971 officio
719 959 758 971 non
777 957 869 977 possunt,
890 953 984 971 retinendi
1004 957 1049 971 sunt
1065 953 1130 977 legum

188 985 330 1009 Principisque
344 985 451 1003 autoritate.
472 984 492 1003 Si
507 988 570 1002 autem
591 983 675 1002 Comitia
695 984 831 1002 tantummodo
852 988 930 1008 propter
951 984 1044 1002 ineundas
1064 984 1129 1002 desen-

187 1016 254 1035 sionis
270 1016 352 1034 rationes
367 1015 425 1034 indici
440 1016 528 1036 debeant,
543 1021 619 1038 censeo,
634 1019 655 1033 ut
670 1015 773 1033 Cracoviae
788 1015 924 1038 indicerentur,
941 1019 1019 1040 propter
1033 1015 1070 1034 loci
1085 1021 1129 1039 pro·

188 1047 324 1073 pinquitatem
339 1051 357 1066 et
374 1047 526 1065 commodiorem
547 1047 697 1071 celerioremque
711 1046 731 1065 in
746 1046 821 1070 hostes,
840 1047 856 1065 si
871 1053 947 1065 necesse
966 1046 1031 1069 fuerit,
1051 1046 1128 1071 expedi-

188 1080 275 1098 tionem.
292 1078 325 1097 Sin
340 1083 403 1097 autem
418 1079 504 1102 unionis,
524 1078 621 1103 religionis
646 1078 803 1102 executionisque
823 1084 879 1096 causa
894 1077 934 1096 fieri
950 1078 1041 1101 debeant,
1058 1078 1083 1096 ad
1097 1084 1128 1096 eas

186 1116 263 1130 omnes
283 1110 431 1128 deliberationes
451 1116 490 1128 non
510 1109 566 1128 video
587 1109 742 1128 commodiorem
762 1109 836 1131 locum,
861 1115 918 1134 quam
939 1109 1079 1127 Parczoviam²
1097 1112 1131 1127 aut

186 1142 321 1163 Lublinium,
341 1142 431 1160 adderem
446 1142 557 1166 Leopolim,
578 1141 611 1159 sed
626 1147 701 1164 vereor,
717 1147 740 1159 ne
755 1140 880 1159 Senatoribus
897 1144 916 1159 et
929 1140 1031 1158 Nobilibus
1052 1139 1130 1165 Maioris

185 1173 289 1193 Poloniac
303 1172 360 1191 nimis
375 1173 455 1197 longum
471 1177 489 1191 et
503 1177 638 1197 sumptuosum
654 1172 690 1190 hoc
705 1172 740 1190 iter
755 1178 794 1190 esse
810 1172 901 1190 videatur.
920 1172 988 1190 Melius
1003 1175 1067 1190 tamen
1083 1171 1130 1190 haec

183 1204 261 1224 omnia
276 1208 296 1222 et
309 1204 431 1223 commodius
452 1204 560 1228 minorique
575 1203 698 1222 contentione
713 1207 731 1221 et
745 1209 788 1221 curn
804 1202 872 1227 majori
889 1203 954 1221 Mtatis
968 1202 991 1221 V.
1006 1202 1025 1221 S.
1040 1202 1131 1227 gravitate

182 1236 311 1258 Cracoviae,
331 1241 389 1260 quarn
404 1235 449 1253 alibi
464 1239 574 1260 agerentur,
595 1235 647 1259 quod
662 1235 686 1253 ita
701 1241 741 1253 esse
759 1238 863 1258 cognoscet
876 1234 926 1252 Mtas
941 1234 962 1252 V.
978 1234 1003 1257 S..
1017 1234 1033 1252 si
1047 1233 1131 1258 pressius

179 1268 204 1287 in
222 1266 332 1286 hominum
347 1273 410 1285 mores
424 1267 533 1290 inspexerit.
554 1266 641 1290 Tempus
657 1265 711 1284 Mtati
725 1265 748 1284 V.
764 1265 782 1284 S.
798 1271 837 1283 non
855 1265 973 1289 praescribo,
993 1271 1083 1289 cuperem
1103 1269 1130 1283 ta-

178 1305 245 1321 men,
269 1301 291 1316 ut
305 1298 353 1316 Mtus
368 1298 391 1316 V.
406 1298 425 1316 S.
445 1297 557 1322 compositis
577 1296 725 1321 constitutisque
745 1297 801 1315 rebus
821 1296 948 1319 Lithuanicis,
968 1296 1031 1321 primo
1052 1302 1130 1320 quoque

176 1335 284 1354 ternpore
305 1329 328 1347 ad
343 1335 377 1347 nos
392 1329 464 1351 veniat,
484 1335 527 1347 narn
543 1328 589 1346 haec
609 1328 683 1350 omnia,
703 1333 752 1352 quae
767 1328 785 1346 in
800 1328 836 1346 hoc
857 1327 925 1352 Regno
945 1327 993 1345 male
1013 1327 1070 1350 fiunt,
1090 1333 1129 1346 onn

174 1364 276 1388 possunt
297 1360 332 1378 nisi
352 1360 416 1378 Mtatis
431 1360 453 1378 V.
474 1360 493 1378 S.
512 1359 619 1384 praesentia
640 1359 707 1384 corrigi
728 1362 747 1377 et
761 1359 864 1377 emendari.
888 1358 974 1377 Christus
993 1358 1046 1377 Jesus
1066 1362 1130 1377 autern

172 1394 274 1413 Mtatem
287 1391 309 1409 V.
321 1391 340 1409 S.
352 1391 371 1409 in
387 1391 499 1416 longissima
513 1395 601 1415 tempora
615 1394 677 1409 servet
690 1390 814 1409 incolumem.
829 1390 899 1408 Datum
914 1389 1039 1413 Miechoviae‚
1051 1389 1081 1407 die
1095 1389 1130 1408 VIl

171 1423 265 1445 mensis
281 1422 345 1441 Martii
363 1422 416 1441 1538.

205 1496 263 1517 873.
567 1494 642 1513 Idem
657 1494 742 1514 eidem
752 1494 763 1513 ⁴.

884 1541 966 1564 Kielcis,
981 1542 991 1559 1
1005 1540 1056 1565 Maji
1071 1541 1128 1558 1558.

255 1577 325 1601 Quum
341 1584 380 1597 non
395 1578 446 1597 aliud
461 1578 491 1597 his
502 1578 560 1597 literis
575 1578 624 1597 Mtas
636 1578 658 1596 V.
672 1578 690 1596 S.
703 1584 712 1596 a
727 1584 758 1596 me
772 1578 862 1602 requirat,
876 1583 934 1602 quam
950 1581 971 1595 ut
984 1576 1128 1601 perscriberem,

170 1613 233 1641 quid
253 1611 275 1630 in
291 1616 315 1629 eo
330 1610 371 1629 fieri
391 1614 481 1634 oportere
501 1616 607 1633 censerem,
630 1609 684 1634 quod
704 1609 797 1628 Summus
817 1608 905 1627 Pontifex
925 1608 976 1627 Rmo
996 1608 1040 1626 Dno
1058 1608 1129 1626 Iacobo

215 1687 222 1698 ι
252 1683 336 1700 Mieehdw
347 1688 362 1698 w
373 1683 435 1703 woiew.
446 1683 568 1698 krakowskiem.
622 1682 639 1698 ,²
655 1681 730 1697 Pnrczaesw
741 1687 756 1697 w
767 1682 827 1701 woiew'.
839 1681 941 1699 lubelskiCm.
951 1686 961 1696 o
970 1686 980 1702 9
989 1681 1016 1696 mil
1027 1680 1048 1696 od
1057 1680 1129 1696 Lublinn.

213 1714 223 1725 ι
250 1710 296 1731 Rkp.
311 1709 343 1730 175,
356 1710 361 1724 l
372 1709 468 1729 414—416.
