<?xml version="1.0" encoding="UTF-8"?>
<!DOCTYPE html PUBLIC "-//W3C//DTD XHTML 1.0 Transitional//EN"
    "http://www.w3.org/TR/xhtml1/DTD/xhtml1-transitional.dtd">
<html xmlns="http://www.w3.org/1999/xhtml" xml:lang="en" lang="en">
 <head>
  <title>
</title>
<meta http-equiv="Content-Type" content="text/html;charset=utf-8" />
  <meta name='ocr-system' content='tesseract 3.04.00' />
  <meta name='ocr-capabilities' content='ocr_page ocr_carea ocr_par ocr_line ocrx_word'/>
</head>
<body>
  <div class='ocr_page' id='page_1' title='image "actahistoricare06ulangoog_0473.png"; bbox 0 0 1465 2093; ppageno 0'>
   <div class='ocr_carea' id='block_1_1' title="bbox 497 199 1116 221">
    <p class='ocr_par' dir='ltr' id='par_1_1' title="bbox 497 199 1116 221">
     <span class='ocr_line' id='line_1_1' title="bbox 497 199 1116 221; baseline 0.003 -8"><span class='ocrx_word' id='word_1_1' title='bbox 497 199 637 214; x_wconf 73' lang='lat' dir='ltr'>Et‘ts&#39;ronAfflnt</span> <span class='ocrx_word' id='word_1_2' title='bbox 650 200 713 219; x_wconf 73' lang='lat' dir='ltr'>mmzl,</span> <span class='ocrx_word' id='word_1_3' title='bbox 728 200 801 214; x_wconf 72' lang='lat' dir='ltr'>MDmn.</span> <span class='ocrx_word' id='word_1_4' title='bbox 1077 202 1116 221; x_wconf 71' lang='lat'>433</span> 
     </span>
    </p>
   </div>
   <div class='ocr_carea' id='block_1_2' title="bbox 180 251 1119 776">
    <p class='ocr_par' dir='ltr' id='par_1_2' title="bbox 180 251 1119 776">
     <span class='ocr_line' id='line_1_2' title="bbox 181 251 1118 278; baseline 0.002 -8"><span class='ocrx_word' id='word_1_5' title='bbox 181 251 245 275; x_wconf 84' lang='lat' dir='ltr'>sierit,</span> <span class='ocrx_word' id='word_1_6' title='bbox 266 256 330 270; x_wconf 83' lang='lat' dir='ltr'>tamen</span> <span class='ocrx_word' id='word_1_7' title='bbox 350 252 398 270; x_wconf 78' lang='lat' dir='ltr'>hanc</span> <span class='ocrx_word' id='word_1_8' title='bbox 414 252 439 270; x_wconf 87' lang='lat' dir='ltr'>illi</span> <span class='ocrx_word' id='word_1_9' title='bbox 454 252 510 270; x_wconf 73' lang='lat' dir='ltr'>etium</span> <span class='ocrx_word' id='word_1_10' title='bbox 525 252 548 270; x_wconf 93' lang='lat' dir='ltr'>V.</span> <span class='ocrx_word' id='word_1_11' title='bbox 568 252 626 271; x_wconf 83' lang='lat' dir='ltr'>Mtiae</span> <span class='ocrx_word' id='word_1_12' title='bbox 643 252 692 271; x_wconf 75' lang='lat' dir='ltr'>ultra</span> <span class='ocrx_word' id='word_1_13' title='bbox 712 256 785 271; x_wconf 83' lang='lat' dir='ltr'>ceteros</span> <span class='ocrx_word' id='word_1_14' title='bbox 805 258 882 277; x_wconf 80' lang='lat' dir='ltr'>semper</span> <span class='ocrx_word' id='word_1_15' title='bbox 898 252 965 272; x_wconf 84' lang='lat' dir='ltr'>favisse</span> <span class='ocrx_word' id='word_1_16' title='bbox 979 257 1025 272; x_wconf 89' lang='lat' dir='ltr'>sunt</span> <span class='ocrx_word' id='word_1_17' title='bbox 1038 254 1082 278; x_wconf 85' lang='lat' dir='ltr'>visi,</span> <span class='ocrx_word' id='word_1_18' title='bbox 1097 258 1118 273; x_wconf 92' lang='lat' dir='ltr'>ut</span> 
     </span>
     <span class='ocr_line' id='line_1_3' title="bbox 181 282 1119 307; baseline 0.002 -6"><span class='ocrx_word' id='word_1_19' title='bbox 181 282 221 307; x_wconf 74' lang='lat' dir='ltr'>jam</span> <span class='ocrx_word' id='word_1_20' title='bbox 237 283 294 301; x_wconf 91' lang='lat' dir='ltr'>nimis</span> <span class='ocrx_word' id='word_1_21' title='bbox 314 283 441 301; x_wconf 80' lang='lat' dir='ltr'>inhumanum</span> <span class='ocrx_word' id='word_1_22' title='bbox 461 283 494 306; x_wconf 80' lang='lat' dir='ltr'>sit,</span> <span class='ocrx_word' id='word_1_23' title='bbox 515 289 572 307; x_wconf 78' lang='lat' dir='ltr'>quam</span> <span class='ocrx_word' id='word_1_24' title='bbox 587 283 613 301; x_wconf 92' lang='lat' dir='ltr'>illi</span> <span class='ocrx_word' id='word_1_25' title='bbox 629 283 744 302; x_wconf 77' lang='lat' dir='ltr'>vicinitatem</span> <span class='ocrx_word' id='word_1_26' title='bbox 760 283 782 302; x_wconf 92' lang='lat' dir='ltr'>V.</span> <span class='ocrx_word' id='word_1_27' title='bbox 800 283 858 302; x_wconf 79' lang='lat' dir='ltr'>Mtiae</span> <span class='ocrx_word' id='word_1_28' title='bbox 879 283 973 307; x_wconf 75' lang='lat' dir='ltr'>faverunt,</span> <span class='ocrx_word' id='word_1_29' title='bbox 995 285 1019 303; x_wconf 79' lang='lat' dir='ltr'>ab</span> <span class='ocrx_word' id='word_1_30' title='bbox 1037 291 1058 303; x_wconf 78' lang='lat' dir='ltr'>ea</span> <span class='ocrx_word' id='word_1_31' title='bbox 1076 285 1119 304; x_wconf 80' lang='lat' dir='ltr'>illos</span> 
     </span>
     <span class='ocr_line' id='line_1_4' title="bbox 181 314 1117 340; baseline 0.002 -8"><span class='ocrx_word' id='word_1_32' title='bbox 181 318 257 333; x_wconf 77' lang='lat' dir='ltr'>tantum</span> <span class='ocrx_word' id='word_1_33' title='bbox 273 314 313 339; x_wconf 85' lang='lat' dir='ltr'>pati</span> <span class='ocrx_word' id='word_1_34' title='bbox 328 314 453 333; x_wconf 81' lang='lat' dir='ltr'>incommodi.</span> <span class='ocrx_word' id='word_1_35' title='bbox 473 314 568 339; x_wconf 82' lang='lat' dir='ltr'>Equidem</span> <span class='ocrx_word' id='word_1_36' title='bbox 584 315 607 334; x_wconf 79' lang='lat' dir='ltr'>ita</span> <span class='ocrx_word' id='word_1_37' title='bbox 623 315 720 339; x_wconf 76' lang='lat' dir='ltr'><strong>intelligo,</strong></span> <span class='ocrx_word' id='word_1_38' title='bbox 740 315 784 333; x_wconf 86' lang='lat' dir='ltr'>inde</span> <span class='ocrx_word' id='word_1_39' title='bbox 799 321 831 333; x_wconf 90' lang='lat' dir='ltr'>eos</span> <span class='ocrx_word' id='word_1_40' title='bbox 845 315 864 334; x_wconf 97' lang='lat' dir='ltr'>in</span> <span class='ocrx_word' id='word_1_41' title='bbox 879 321 949 340; x_wconf 79' lang='lat' dir='ltr'>magna</span> <span class='ocrx_word' id='word_1_42' title='bbox 964 316 1033 334; x_wconf 72' lang='lat' dir='ltr'>damna</span> <span class='ocrx_word' id='word_1_43' title='bbox 1054 316 1117 334; x_wconf 84' lang='lat' dir='ltr'>incur-</span> 
     </span>
     <span class='ocr_line' id='line_1_5' title="bbox 181 346 1118 370; baseline 0.001 -6"><span class='ocrx_word' id='word_1_44' title='bbox 181 346 239 368; x_wconf 82' lang='lat' dir='ltr'>risse,</span> <span class='ocrx_word' id='word_1_45' title='bbox 260 346 313 370; x_wconf 80' lang='lat' dir='ltr'>quod</span> <span class='ocrx_word' id='word_1_46' title='bbox 334 352 393 370; x_wconf 91' lang='lat' dir='ltr'>quum</span> <span class='ocrx_word' id='word_1_47' title='bbox 413 346 443 364; x_wconf 89' lang='lat' dir='ltr'>hic</span> <span class='ocrx_word' id='word_1_48' title='bbox 458 346 576 364; x_wconf 86' lang='lat' dir='ltr'>Nicodemus</span> <span class='ocrx_word' id='word_1_49' title='bbox 590 352 612 364; x_wconf 81' lang='lat' dir='ltr'>ex</span> <span class='ocrx_word' id='word_1_50' title='bbox 627 350 682 370; x_wconf 77' lang='lat' dir='ltr'>pacto</span> <span class='ocrx_word' id='word_1_51' title='bbox 700 346 719 364; x_wconf 94' lang='lat' dir='ltr'>in</span> <span class='ocrx_word' id='word_1_52' title='bbox 734 346 804 370; x_wconf 80' lang='lat' dir='ltr'>judicio</span> <span class='ocrx_word' id='word_1_53' title='bbox 819 352 839 364; x_wconf 89' lang='lat' dir='ltr'>se</span> <span class='ocrx_word' id='word_1_54' title='bbox 853 346 929 369; x_wconf 79' lang='lat' dir='ltr'>sistere,</span> <span class='ocrx_word' id='word_1_55' title='bbox 948 352 969 365; x_wconf 78' lang='lat' dir='ltr'>ac</span> <span class='ocrx_word' id='word_1_56' title='bbox 984 347 1042 365; x_wconf 74' lang='lat' dir='ltr'>Mtiae</span> <span class='ocrx_word' id='word_1_57' title='bbox 1057 347 1079 366; x_wconf 94' lang='lat' dir='ltr'>V.</span> <span class='ocrx_word' id='word_1_58' title='bbox 1094 347 1118 365; x_wconf 89' lang='lat' dir='ltr'>de</span> 
     </span>
     <span class='ocr_line' id='line_1_6' title="bbox 181 377 1117 402; baseline 0.002 -7"><span class='ocrx_word' id='word_1_59' title='bbox 181 377 239 395; x_wconf 82' lang='lat' dir='ltr'>certis</span> <span class='ocrx_word' id='word_1_60' title='bbox 254 377 292 395; x_wconf 91' lang='lat' dir='ltr'>suis</span> <span class='ocrx_word' id='word_1_61' title='bbox 307 377 422 401; x_wconf 69' lang='lat' dir='ltr'>quibusdam</span> <span class='ocrx_word' id='word_1_62' title='bbox 441 377 595 401; x_wconf 79' lang='lat' dir='ltr'>possessionibus</span> <span class='ocrx_word' id='word_1_63' title='bbox 615 377 682 396; x_wconf 82' lang='lat' dir='ltr'>cedere</span> <span class='ocrx_word' id='word_1_64' title='bbox 697 383 719 395; x_wconf 80' lang='lat' dir='ltr'>ex</span> <span class='ocrx_word' id='word_1_65' title='bbox 733 377 774 401; x_wconf 85' lang='lat' dir='ltr'>lege</span> <span class='ocrx_word' id='word_1_66' title='bbox 789 377 896 401; x_wconf 70' lang='lat' dir='ltr'>debuisset,</span> <span class='ocrx_word' id='word_1_67' title='bbox 916 384 978 402; x_wconf 87' lang='lat' dir='ltr'>neque</span> <span class='ocrx_word' id='word_1_68' title='bbox 992 378 1117 402; x_wconf 85' lang='lat' dir='ltr'>possessioni-</span> 
     </span>
     <span class='ocr_line' id='line_1_7' title="bbox 182 408 1118 433; baseline 0.002 -7"><span class='ocrx_word' id='word_1_69' title='bbox 182 408 219 427; x_wconf 86' lang='lat' dir='ltr'>bus</span> <span class='ocrx_word' id='word_1_70' title='bbox 234 408 317 431; x_wconf 79' lang='lat' dir='ltr'>cesserit,</span> <span class='ocrx_word' id='word_1_71' title='bbox 332 414 395 433; x_wconf 84' lang='lat' dir='ltr'>neque</span> <span class='ocrx_word' id='word_1_72' title='bbox 407 414 426 426; x_wconf 90' lang='lat' dir='ltr'>se</span> <span class='ocrx_word' id='word_1_73' title='bbox 440 408 518 427; x_wconf 84' lang='lat' dir='ltr'>steterit.</span> <span class='ocrx_word' id='word_1_74' title='bbox 534 408 575 432; x_wconf 82' lang='lat' dir='ltr'>Ego</span> <span class='ocrx_word' id='word_1_75' title='bbox 589 412 663 431; x_wconf 75' lang='lat' dir='ltr'>autem,</span> <span class='ocrx_word' id='word_1_76' title='bbox 678 408 711 433; x_wconf 91' lang='lat' dir='ltr'>qui</span> <span class='ocrx_word' id='word_1_77' title='bbox 726 412 766 427; x_wconf 87' lang='lat' dir='ltr'>tum</span> <span class='ocrx_word' id='word_1_78' title='bbox 782 408 834 426; x_wconf 90' lang='lat' dir='ltr'>illum</span> <span class='ocrx_word' id='word_1_79' title='bbox 850 408 897 427; x_wconf 84' lang='lat' dir='ltr'>meis</span> <span class='ocrx_word' id='word_1_80' title='bbox 911 412 968 433; x_wconf 78' lang='lat' dir='ltr'>atque</span> <span class='ocrx_word' id='word_1_81' title='bbox 981 409 1000 427; x_wconf 89' lang='lat' dir='ltr'>S.</span> <span class='ocrx_word' id='word_1_82' title='bbox 1013 409 1035 428; x_wconf 83' lang='lat' dir='ltr'>R.</span> <span class='ocrx_word' id='word_1_83' title='bbox 1054 409 1118 428; x_wconf 73' lang='lat' dir='ltr'>Mtatis</span> 
     </span>
     <span class='ocr_line' id='line_1_8' title="bbox 180 439 1118 466; baseline 0.002 -9"><span class='ocrx_word' id='word_1_84' title='bbox 180 439 264 458; x_wconf 77' lang='lat' dir='ltr'>servitiis</span> <span class='ocrx_word' id='word_1_85' title='bbox 278 444 393 464; x_wconf 78' lang='lat' dir='ltr'>occupatum</span> <span class='ocrx_word' id='word_1_86' title='bbox 409 439 472 462; x_wconf 78' lang='lat' dir='ltr'>fuisse,</span> <span class='ocrx_word' id='word_1_87' title='bbox 487 439 546 464; x_wconf 89' lang='lat' dir='ltr'>inque</span> <span class='ocrx_word' id='word_1_88' title='bbox 558 446 598 458; x_wconf 83' lang='lat' dir='ltr'>rem</span> <span class='ocrx_word' id='word_1_89' title='bbox 610 444 730 464; x_wconf 81' lang='lat' dir='ltr'>praesentem</span> <span class='ocrx_word' id='word_1_90' title='bbox 744 440 808 458; x_wconf 74' lang='lat' dir='ltr'>venire</span> <span class='ocrx_word' id='word_1_91' title='bbox 821 446 859 458; x_wconf 92' lang='lat' dir='ltr'>non</span> <span class='ocrx_word' id='word_1_92' title='bbox 872 440 957 464; x_wconf 86' lang='lat' dir='ltr'>potuisse</span> <span class='ocrx_word' id='word_1_93' title='bbox 971 441 1057 463; x_wconf 88' lang='lat' dir='ltr'>memini,</span> <span class='ocrx_word' id='word_1_94' title='bbox 1070 447 1118 466; x_wconf 85' lang='lat' dir='ltr'>rogo</span> 
     </span>
     <span class='ocr_line' id='line_1_9' title="bbox 180 470 1118 496; baseline 0.001 -7"><span class='ocrx_word' id='word_1_95' title='bbox 180 470 205 489; x_wconf 89' lang='lat' dir='ltr'>V.</span> <span class='ocrx_word' id='word_1_96' title='bbox 221 471 298 494; x_wconf 79' lang='lat' dir='ltr'>Mtiam,</span> <span class='ocrx_word' id='word_1_97' title='bbox 319 474 339 489; x_wconf 90' lang='lat' dir='ltr'>ut</span> <span class='ocrx_word' id='word_1_98' title='bbox 354 477 411 495; x_wconf 74' lang='lat' dir='ltr'>quarn</span> <span class='ocrx_word' id='word_1_99' title='bbox 426 470 518 495; x_wconf 78' lang='lat' dir='ltr'>pecuniae</span> <span class='ocrx_word' id='word_1_100' title='bbox 537 477 633 489; x_wconf 83' lang='lat' dir='ltr'>summam</span> <span class='ocrx_word' id='word_1_101' title='bbox 648 471 719 495; x_wconf 82' lang='lat' dir='ltr'>judicio</span> <span class='ocrx_word' id='word_1_102' title='bbox 733 475 762 489; x_wconf 87' lang='lat' dir='ltr'>est</span> <span class='ocrx_word' id='word_1_103' title='bbox 776 475 877 495; x_wconf 75' lang='lat' dir='ltr'>propterea</span> <span class='ocrx_word' id='word_1_104' title='bbox 892 475 1003 494; x_wconf 82' lang='lat' dir='ltr'>consecuta,</span> <span class='ocrx_word' id='word_1_105' title='bbox 1018 472 1071 496; x_wconf 89' lang='lat' dir='ltr'>quod</span> <span class='ocrx_word' id='word_1_106' title='bbox 1085 472 1118 490; x_wconf 92' lang='lat' dir='ltr'>Ni-</span> 
     </span>
     <span class='ocr_line' id='line_1_10' title="bbox 181 501 1118 527; baseline 0.002 -7"><span class='ocrx_word' id='word_1_107' title='bbox 181 502 276 520; x_wconf 84' lang='lat' dir='ltr'>codemus</span> <span class='ocrx_word' id='word_1_108' title='bbox 290 502 314 520; x_wconf 84' lang='lat' dir='ltr'>ad</span> <span class='ocrx_word' id='word_1_109' title='bbox 329 501 379 520; x_wconf 84' lang='lat' dir='ltr'>diem</span> <span class='ocrx_word' id='word_1_110' title='bbox 400 507 439 520; x_wconf 89' lang='lat' dir='ltr'>non</span> <span class='ocrx_word' id='word_1_111' title='bbox 459 501 542 524; x_wconf 84' lang='lat' dir='ltr'>venerit,</span> <span class='ocrx_word' id='word_1_112' title='bbox 563 508 604 520; x_wconf 81' lang='lat' dir='ltr'>eam</span> <span class='ocrx_word' id='word_1_113' title='bbox 625 502 732 521; x_wconf 82' lang='lat' dir='ltr'>Nicodemo</span> <span class='ocrx_word' id='word_1_114' title='bbox 752 502 846 526; x_wconf 84' lang='lat' dir='ltr'>matrique</span> <span class='ocrx_word' id='word_1_115' title='bbox 866 502 934 526; x_wconf 83' lang='lat' dir='ltr'>ipsius,</span> <span class='ocrx_word' id='word_1_116' title='bbox 954 508 1003 527; x_wconf 80' lang='lat' dir='ltr'>quae</span> <span class='ocrx_word' id='word_1_117' title='bbox 1018 503 1040 521; x_wconf 93' lang='lat' dir='ltr'>V.</span> <span class='ocrx_word' id='word_1_118' title='bbox 1060 503 1118 522; x_wconf 74' lang='lat' dir='ltr'>Mtiae</span> 
     </span>
     <span class='ocr_line' id='line_1_11' title="bbox 180 532 1119 558; baseline 0.002 -7"><span class='ocrx_word' id='word_1_119' title='bbox 180 533 282 557; x_wconf 82' lang='lat' dir='ltr'>sanguinis</span> <span class='ocrx_word' id='word_1_120' title='bbox 297 532 437 551; x_wconf 81' lang='lat' dir='ltr'>necessitudine</span> <span class='ocrx_word' id='word_1_121' title='bbox 456 533 559 557; x_wconf 77' lang='lat' dir='ltr'>conjuncta</span> <span class='ocrx_word' id='word_1_122' title='bbox 577 537 613 556; x_wconf 84' lang='lat' dir='ltr'>est,</span> <span class='ocrx_word' id='word_1_123' title='bbox 634 539 675 552; x_wconf 78' lang='lat' dir='ltr'>carn</span> <span class='ocrx_word' id='word_1_124' title='bbox 691 533 749 556; x_wconf 88' lang='lat' dir='ltr'>mihi,</span> <span class='ocrx_word' id='word_1_125' title='bbox 769 533 885 552; x_wconf 79' lang='lat' dir='ltr'>amicissimo</span> <span class='ocrx_word' id='word_1_126' title='bbox 899 534 996 558; x_wconf 82' lang='lat' dir='ltr'>Episcopo</span> <span class='ocrx_word' id='word_1_127' title='bbox 1011 540 1058 557; x_wconf 87' lang='lat' dir='ltr'>suo,</span> <span class='ocrx_word' id='word_1_128' title='bbox 1073 541 1119 553; x_wconf 87' lang='lat' dir='ltr'>con-</span> 
     </span>
     <span class='ocr_line' id='line_1_12' title="bbox 181 563 1118 589; baseline 0.002 -7"><span class='ocrx_word' id='word_1_129' title='bbox 181 564 238 583; x_wconf 84' lang='lat' dir='ltr'>cedat</span> <span class='ocrx_word' id='word_1_130' title='bbox 253 567 270 582; x_wconf 80' lang='lat' dir='ltr'>et</span> <span class='ocrx_word' id='word_1_131' title='bbox 285 564 373 582; x_wconf 81' lang='lat' dir='ltr'>remittat.</span> <span class='ocrx_word' id='word_1_132' title='bbox 389 563 513 588; x_wconf 75' lang='lat' dir='ltr'>Quamquam</span> <span class='ocrx_word' id='word_1_133' title='bbox 528 564 579 582; x_wconf 89' lang='lat' dir='ltr'>enim</span> <span class='ocrx_word' id='word_1_134' title='bbox 595 565 647 588; x_wconf 83' lang='lat' dir='ltr'>apud</span> <span class='ocrx_word' id='word_1_135' title='bbox 662 564 685 583; x_wconf 83' lang='lat' dir='ltr'>R.</span> <span class='ocrx_word' id='word_1_136' title='bbox 700 564 779 583; x_wconf 78' lang='lat' dir='ltr'>Mtatem</span> <span class='ocrx_word' id='word_1_137' title='bbox 793 564 834 589; x_wconf 79' lang='lat' dir='ltr'>jure</span> <span class='ocrx_word' id='word_1_138' title='bbox 849 564 868 583; x_wconf 76' lang='lat' dir='ltr'>id</span> <span class='ocrx_word' id='word_1_139' title='bbox 883 565 958 589; x_wconf 86' lang='lat' dir='ltr'>optimo</span> <span class='ocrx_word' id='word_1_140' title='bbox 977 571 1054 589; x_wconf 87' lang='lat' dir='ltr'>possem</span> <span class='ocrx_word' id='word_1_141' title='bbox 1069 566 1118 584; x_wconf 87' lang='lat' dir='ltr'>obti-</span> 
     </span>
     <span class='ocr_line' id='line_1_13' title="bbox 181 595 1118 620; baseline 0.002 -7"><span class='ocrx_word' id='word_1_142' title='bbox 181 601 236 618; x_wconf 85' lang='lat' dir='ltr'>nere,</span> <span class='ocrx_word' id='word_1_143' title='bbox 251 599 272 613; x_wconf 88' lang='lat' dir='ltr'>ut</span> <span class='ocrx_word' id='word_1_144' title='bbox 286 595 338 619; x_wconf 86' lang='lat' dir='ltr'>quod</span> <span class='ocrx_word' id='word_1_145' title='bbox 353 595 378 613; x_wconf 91' lang='lat' dir='ltr'>ob</span> <span class='ocrx_word' id='word_1_146' title='bbox 393 595 443 613; x_wconf 78' lang='lat' dir='ltr'>Suae</span> <span class='ocrx_word' id='word_1_147' title='bbox 458 595 522 613; x_wconf 74' lang='lat' dir='ltr'>Mmiis</span> <span class='ocrx_word' id='word_1_148' title='bbox 536 595 611 613; x_wconf 77' lang='lat' dir='ltr'>servitia</span> <span class='ocrx_word' id='word_1_149' title='bbox 625 595 654 613; x_wconf 76' lang='lat' dir='ltr'>vel</span> <span class='ocrx_word' id='word_1_150' title='bbox 669 595 709 620; x_wconf 82' lang='lat' dir='ltr'>ipse</span> <span class='ocrx_word' id='word_1_151' title='bbox 723 596 816 614; x_wconf 84' lang='lat' dir='ltr'>damnum</span> <span class='ocrx_word' id='word_1_152' title='bbox 831 596 900 620; x_wconf 79' lang='lat' dir='ltr'>patior,</span> <span class='ocrx_word' id='word_1_153' title='bbox 915 596 944 614; x_wconf 91' lang='lat' dir='ltr'>vel</span> <span class='ocrx_word' id='word_1_154' title='bbox 958 597 1059 615; x_wconf 75' lang='lat' dir='ltr'>servitores</span> <span class='ocrx_word' id='word_1_155' title='bbox 1074 597 1118 619; x_wconf 88' lang='lat' dir='ltr'>mei,</span> 
     </span>
     <span class='ocr_line' id='line_1_14' title="bbox 180 626 1119 653; baseline 0.003 -9"><span class='ocrx_word' id='word_1_156' title='bbox 180 626 201 645; x_wconf 90' lang='lat' dir='ltr'>id</span> <span class='ocrx_word' id='word_1_157' title='bbox 217 632 254 645; x_wconf 88' lang='lat' dir='ltr'>nos</span> <span class='ocrx_word' id='word_1_158' title='bbox 268 626 307 651; x_wconf 70' lang='lat' dir='ltr'>pati</span> <span class='ocrx_word' id='word_1_159' title='bbox 322 632 361 645; x_wconf 90' lang='lat' dir='ltr'>non</span> <span class='ocrx_word' id='word_1_160' title='bbox 377 626 483 650; x_wconf 80' lang='lat' dir='ltr'>permittat:</span> <span class='ocrx_word' id='word_1_161' title='bbox 497 630 561 645; x_wconf 76' lang='lat' dir='ltr'>tamen</span> <span class='ocrx_word' id='word_1_162' title='bbox 574 633 583 645; x_wconf 74' lang='lat' dir='ltr'>a</span> <span class='ocrx_word' id='word_1_163' title='bbox 595 627 635 645; x_wconf 79' lang='lat' dir='ltr'>sola</span> <span class='ocrx_word' id='word_1_164' title='bbox 647 627 666 645; x_wconf 93' lang='lat' dir='ltr'>id</span> <span class='ocrx_word' id='word_1_165' title='bbox 678 627 731 651; x_wconf 91' lang='lat' dir='ltr'>prius</span> <span class='ocrx_word' id='word_1_166' title='bbox 744 627 766 645; x_wconf 95' lang='lat' dir='ltr'>V.</span> <span class='ocrx_word' id='word_1_167' title='bbox 781 627 827 646; x_wconf 81' lang='lat' dir='ltr'>Mtia</span> <span class='ocrx_word' id='word_1_168' title='bbox 841 632 911 651; x_wconf 84' lang='lat' dir='ltr'>petere,</span> <span class='ocrx_word' id='word_1_169' title='bbox 924 627 1001 652; x_wconf 76' lang='lat' dir='ltr'>ipsique</span> <span class='ocrx_word' id='word_1_170' title='bbox 1016 633 1119 653; x_wconf 74' lang='lat' dir='ltr'>propterea</span> 
     </span>
     <span class='ocr_line' id='line_1_15' title="bbox 182 657 1117 684; baseline 0.002 -8"><span class='ocrx_word' id='word_1_171' title='bbox 182 657 253 676; x_wconf 83' lang='lat' dir='ltr'>debere</span> <span class='ocrx_word' id='word_1_172' title='bbox 268 658 333 676; x_wconf 79' lang='lat' dir='ltr'>malui.</span> <span class='ocrx_word' id='word_1_173' title='bbox 348 657 368 676; x_wconf 88' lang='lat' dir='ltr'>Si</span> <span class='ocrx_word' id='word_1_174' title='bbox 383 657 434 676; x_wconf 91' lang='lat' dir='ltr'>enim</span> <span class='ocrx_word' id='word_1_175' title='bbox 449 658 468 676; x_wconf 92' lang='lat' dir='ltr'>id</span> <span class='ocrx_word' id='word_1_176' title='bbox 480 663 522 676; x_wconf 83' lang='lat' dir='ltr'>mea</span> <span class='ocrx_word' id='word_1_177' title='bbox 537 663 593 676; x_wconf 71' lang='lat' dir='ltr'>csusa</span> <span class='ocrx_word' id='word_1_178' title='bbox 608 657 679 681; x_wconf 79' lang='lat' dir='ltr'>fecerit,</span> <span class='ocrx_word' id='word_1_179' title='bbox 694 658 741 677; x_wconf 83' lang='lat' dir='ltr'>nihil</span> <span class='ocrx_word' id='word_1_180' title='bbox 756 659 797 682; x_wconf 79' lang='lat' dir='ltr'>erit,</span> <span class='ocrx_word' id='word_1_181' title='bbox 813 659 866 683; x_wconf 83' lang='lat' dir='ltr'>quod</span> <span class='ocrx_word' id='word_1_182' title='bbox 881 658 917 683; x_wconf 88' lang='lat' dir='ltr'>ipsi</span> <span class='ocrx_word' id='word_1_183' title='bbox 932 665 1009 684; x_wconf 89' lang='lat' dir='ltr'>quoque</span> <span class='ocrx_word' id='word_1_184' title='bbox 1024 660 1075 684; x_wconf 75' lang='lat' dir='ltr'>apud</span> <span class='ocrx_word' id='word_1_185' title='bbox 1087 666 1117 678; x_wconf 85' lang='lat' dir='ltr'>me</span> 
     </span>
     <span class='ocr_line' id='line_1_16' title="bbox 182 688 1117 715; baseline 0.002 -8"><span class='ocrx_word' id='word_1_186' title='bbox 182 693 274 714; x_wconf 83' lang='lat' dir='ltr'>negatum</span> <span class='ocrx_word' id='word_1_187' title='bbox 289 694 375 713; x_wconf 76' lang='lat' dir='ltr'>unquam</span> <span class='ocrx_word' id='word_1_188' title='bbox 391 694 430 707; x_wconf 82' lang='lat' dir='ltr'>esse</span> <span class='ocrx_word' id='word_1_189' title='bbox 444 689 537 711; x_wconf 84' lang='lat' dir='ltr'>videatur,</span> <span class='ocrx_word' id='word_1_190' title='bbox 552 688 670 707; x_wconf 87' lang='lat' dir='ltr'>Nicodemus</span> <span class='ocrx_word' id='word_1_191' title='bbox 686 689 782 712; x_wconf 82' lang='lat' dir='ltr'>Lakinski,</span> <span class='ocrx_word' id='word_1_192' title='bbox 794 690 846 714; x_wconf 87' lang='lat' dir='ltr'>quod</span> <span class='ocrx_word' id='word_1_193' title='bbox 861 689 922 708; x_wconf 79' lang='lat' dir='ltr'>facere</span> <span class='ocrx_word' id='word_1_194' title='bbox 940 690 987 708; x_wconf 88' lang='lat' dir='ltr'>olim</span> <span class='ocrx_word' id='word_1_195' title='bbox 1001 691 1053 715; x_wconf 83' lang='lat' dir='ltr'>apud</span> <span class='ocrx_word' id='word_1_196' title='bbox 1068 691 1117 715; x_wconf 86' lang='lat' dir='ltr'>judi-</span> 
     </span>
     <span class='ocr_line' id='line_1_17' title="bbox 183 720 1117 746; baseline 0.002 -8"><span class='ocrx_word' id='word_1_197' title='bbox 183 720 233 739; x_wconf 82' lang='lat' dir='ltr'>cium</span> <span class='ocrx_word' id='word_1_198' title='bbox 248 720 322 743; x_wconf 85' lang='lat' dir='ltr'>debuit,</span> <span class='ocrx_word' id='word_1_199' title='bbox 337 720 356 738; x_wconf 92' lang='lat' dir='ltr'>id</span> <span class='ocrx_word' id='word_1_200' title='bbox 370 720 454 738; x_wconf 70' lang='lat' dir='ltr'>fortassis</span> <span class='ocrx_word' id='word_1_201' title='bbox 469 720 530 738; x_wconf 66' lang='lat' dir='ltr'>fucere</span> <span class='ocrx_word' id='word_1_202' title='bbox 545 726 589 738; x_wconf 90' lang='lat' dir='ltr'>eum</span> <span class='ocrx_word' id='word_1_203' title='bbox 603 725 649 739; x_wconf 87' lang='lat' dir='ltr'>tunc</span> <span class='ocrx_word' id='word_1_204' title='bbox 664 720 768 745; x_wconf 82' lang='lat' dir='ltr'>oportebit,</span> <span class='ocrx_word' id='word_1_205' title='bbox 782 727 842 745; x_wconf 90' lang='lat' dir='ltr'>quum</span> <span class='ocrx_word' id='word_1_206' title='bbox 857 721 883 744; x_wconf 88' lang='lat' dir='ltr'>id,</span> <span class='ocrx_word' id='word_1_207' title='bbox 898 721 951 745; x_wconf 84' lang='lat' dir='ltr'>quod</span> <span class='ocrx_word' id='word_1_208' title='bbox 966 725 1018 746; x_wconf 87' lang='lat' dir='ltr'>peto,</span> <span class='ocrx_word' id='word_1_209' title='bbox 1032 721 1055 740; x_wconf 92' lang='lat' dir='ltr'>V.</span> <span class='ocrx_word' id='word_1_210' title='bbox 1070 721 1117 740; x_wconf 79' lang='lat' dir='ltr'>Mtia</span> 
     </span>
     <span class='ocr_line' id='line_1_18' title="bbox 184 751 984 776; baseline 0 -6"><span class='ocrx_word' id='word_1_211' title='bbox 184 751 255 775; x_wconf 79' lang='lat' dir='ltr'>fecerit,</span> <span class='ocrx_word' id='word_1_212' title='bbox 269 757 327 776; x_wconf 82' lang='lat' dir='ltr'>quam</span> <span class='ocrx_word' id='word_1_213' title='bbox 343 751 375 770; x_wconf 89' lang='lat' dir='ltr'>diu</span> <span class='ocrx_word' id='word_1_214' title='bbox 390 751 463 776; x_wconf 88' lang='lat' dir='ltr'>optime</span> <span class='ocrx_word' id='word_1_215' title='bbox 478 751 540 770; x_wconf 85' lang='lat' dir='ltr'>valere</span> <span class='ocrx_word' id='word_1_216' title='bbox 555 751 619 775; x_wconf 87' lang='lat' dir='ltr'>cupio.</span> <span class='ocrx_word' id='word_1_217' title='bbox 635 751 746 775; x_wconf 80' lang='lat' dir='ltr'>Cracoviae,</span> <span class='ocrx_word' id='word_1_218' title='bbox 760 752 795 770; x_wconf 87' lang='lat' dir='ltr'>XV</span> <span class='ocrx_word' id='word_1_219' title='bbox 809 752 881 776; x_wconf 82' lang='lat' dir='ltr'>Aprilis</span> <span class='ocrx_word' id='word_1_220' title='bbox 895 752 984 771; x_wconf 88' lang='lat' dir='ltr'>MDLlll.</span> 
     </span>
    </p>
   </div>
   <div class='ocr_carea' id='block_1_3' title="bbox 207 823 969 847">
    <p class='ocr_par' dir='ltr' id='par_1_3' title="bbox 207 823 969 847">
     <span class='ocr_line' id='line_1_19' title="bbox 207 823 969 847; baseline 0.001 -4"><span class='ocrx_word' id='word_1_221' title='bbox 207 823 253 843; x_wconf 36' lang='lat'>810⁴</span> <span class='ocrx_word' id='word_1_222' title='bbox 332 825 452 844; x_wconf 76' lang='lat' dir='ltr'>Andreae</span> <span class='ocrx_word' id='word_1_223' title='bbox 466 824 635 847; x_wconf 81' lang='lat' dir='ltr'>Kuczowski,</span> <span class='ocrx_word' id='word_1_224' title='bbox 650 825 747 844; x_wconf 78' lang='lat' dir='ltr'>Abbati</span> <span class='ocrx_word' id='word_1_225' title='bbox 762 825 969 844; x_wconf 75' lang='lat' dir='ltr'>calvimontano.</span> 
     </span>
    </p>
   </div>
   <div class='ocr_carea' id='block_1_4' title="bbox 834 871 1117 894">
    <p class='ocr_par' dir='ltr' id='par_1_4' title="bbox 834 871 1117 894">
     <span class='ocr_line' id='line_1_20' title="bbox 834 871 1117 894; baseline 0 -4"><span class='ocrx_word' id='word_1_226' title='bbox 834 871 949 894; x_wconf 76' lang='lat' dir='ltr'>Cracouiae,</span> <span class='ocrx_word' id='word_1_227' title='bbox 965 873 978 890; x_wconf 79' lang='grc' dir='ltr'><em>ὃ</em></span> <span class='ocrx_word' id='word_1_228' title='bbox 991 872 1047 891; x_wconf 75' lang='lat' dir='ltr'>lunii</span> <span class='ocrx_word' id='word_1_229' title='bbox 1060 873 1117 891; x_wconf 76' lang='lat'>1553.</span> 
     </span>
    </p>
   </div>
   <div class='ocr_carea' id='block_1_5' title="bbox 178 908 1119 1651">
    <p class='ocr_par' dir='ltr' id='par_1_5' title="bbox 178 908 1119 1651">
     <span class='ocr_line' id='line_1_21' title="bbox 246 908 1117 933; baseline 0 -6"><span class='ocrx_word' id='word_1_230' title='bbox 246 909 339 933; x_wconf 76' lang='lat' dir='ltr'>Dissipari</span> <span class='ocrx_word' id='word_1_231' title='bbox 354 913 385 927; x_wconf 85' lang='lat' dir='ltr'>tua</span> <span class='ocrx_word' id='word_1_232' title='bbox 400 915 459 933; x_wconf 79' lang='lat' dir='ltr'>opera</span> <span class='ocrx_word' id='word_1_233' title='bbox 474 915 517 927; x_wconf 83' lang='lat' dir='ltr'>eum</span> <span class='ocrx_word' id='word_1_234' title='bbox 533 908 664 931; x_wconf 77' lang='lat' dir='ltr'>Conventum,</span> <span class='ocrx_word' id='word_1_235' title='bbox 679 908 711 933; x_wconf 88' lang='lat' dir='ltr'>qui</span> <span class='ocrx_word' id='word_1_236' title='bbox 727 908 785 927; x_wconf 77' lang='lat' dir='ltr'>Ftatis</span> <span class='ocrx_word' id='word_1_237' title='bbox 801 908 822 927; x_wconf 91' lang='lat' dir='ltr'>V.</span> <span class='ocrx_word' id='word_1_238' title='bbox 837 908 882 927; x_wconf 81' lang='lat' dir='ltr'>fidei</span> <span class='ocrx_word' id='word_1_239' title='bbox 897 908 1011 927; x_wconf 84' lang='lat' dir='ltr'>commissus</span> <span class='ocrx_word' id='word_1_240' title='bbox 1026 913 1060 932; x_wconf 87' lang='lat' dir='ltr'>est,</span> <span class='ocrx_word' id='word_1_241' title='bbox 1075 915 1117 927; x_wconf 88' lang='lat' dir='ltr'>rno-</span> 
     </span>
     <span class='ocr_line' id='line_1_22' title="bbox 179 940 1116 965; baseline -0.001 -6"><span class='ocrx_word' id='word_1_242' title='bbox 179 940 222 959; x_wconf 86' lang='lat' dir='ltr'>lesti</span> <span class='ocrx_word' id='word_1_243' title='bbox 237 941 355 963; x_wconf 75' lang='lat' dir='ltr'>audivimus,</span> <span class='ocrx_word' id='word_1_244' title='bbox 375 940 412 959; x_wconf 87' lang='lat' dir='ltr'>hoc</span> <span class='ocrx_word' id='word_1_245' title='bbox 427 940 538 965; x_wconf 73' lang='lat' dir='ltr'>praesertim</span> <span class='ocrx_word' id='word_1_246' title='bbox 553 944 650 964; x_wconf 81' lang='lat' dir='ltr'>tempore,</span> <span class='ocrx_word' id='word_1_247' title='bbox 665 946 725 964; x_wconf 89' lang='lat' dir='ltr'>quum</span> <span class='ocrx_word' id='word_1_248' title='bbox 741 946 819 962; x_wconf 87' lang='lat' dir='ltr'>omnes,</span> <span class='ocrx_word' id='word_1_249' title='bbox 839 940 872 964; x_wconf 89' lang='lat' dir='ltr'>qui</span> <span class='ocrx_word' id='word_1_250' title='bbox 887 940 981 959; x_wconf 72' lang='lat' dir='ltr'>Ecclesiae</span> <span class='ocrx_word' id='word_1_251' title='bbox 996 944 1014 958; x_wconf 91' lang='lat' dir='ltr'>et</span> <span class='ocrx_word' id='word_1_252' title='bbox 1028 940 1116 965; x_wconf 83' lang='lat' dir='ltr'>religioni</span> 
     </span>
     <span class='ocr_line' id='line_1_23' title="bbox 180 971 1117 996; baseline -0.001 -6"><span class='ocrx_word' id='word_1_253' title='bbox 180 972 231 991; x_wconf 85' lang='lat' dir='ltr'>bene</span> <span class='ocrx_word' id='word_1_254' title='bbox 246 972 314 990; x_wconf 87' lang='lat' dir='ltr'>volunt</span> <span class='ocrx_word' id='word_1_255' title='bbox 328 972 426 996; x_wconf 79' lang='lat' dir='ltr'>Episcopi,</span> <span class='ocrx_word' id='word_1_256' title='bbox 443 972 533 994; x_wconf 78' lang='lat' dir='ltr'>Abbates,</span> <span class='ocrx_word' id='word_1_257' title='bbox 549 971 661 995; x_wconf 78' lang='lat' dir='ltr'>Praepositi,</span> <span class='ocrx_word' id='word_1_258' title='bbox 673 971 692 989; x_wconf 88' lang='lat' dir='ltr'>id</span> <span class='ocrx_word' id='word_1_259' title='bbox 705 977 764 989; x_wconf 92' lang='lat' dir='ltr'>unum</span> <span class='ocrx_word' id='word_1_260' title='bbox 779 971 875 994; x_wconf 77' lang='lat' dir='ltr'>studeant,</span> <span class='ocrx_word' id='word_1_261' title='bbox 890 975 910 989; x_wconf 89' lang='lat' dir='ltr'>ut</span> <span class='ocrx_word' id='word_1_262' title='bbox 931 985 994 990; x_wconf 84' lang='lat'>......</span> <span class='ocrx_word' id='word_1_263' title='bbox 1014 972 1018 984; x_wconf 91' lang='lat'>¹</span> <span class='ocrx_word' id='word_1_264' title='bbox 1038 977 1117 990; x_wconf 85' lang='lat' dir='ltr'>suorum</span> 
     </span>
     <span class='ocr_line' id='line_1_24' title="bbox 178 1002 1117 1027; baseline -0.001 -5"><span class='ocrx_word' id='word_1_265' title='bbox 178 1009 286 1022; x_wconf 85' lang='lat' dir='ltr'>numerum</span> <span class='ocrx_word' id='word_1_266' title='bbox 301 1002 390 1025; x_wconf 79' lang='lat' dir='ltr'>efficiant,</span> <span class='ocrx_word' id='word_1_267' title='bbox 399 1003 464 1021; x_wconf 79' lang='lat' dir='ltr'>vident</span> <span class='ocrx_word' id='word_1_268' title='bbox 476 1003 533 1025; x_wconf 77' lang='lat' dir='ltr'>enim,</span> <span class='ocrx_word' id='word_1_269' title='bbox 544 1002 579 1020; x_wconf 88' lang='lat' dir='ltr'>nisi</span> <span class='ocrx_word' id='word_1_270' title='bbox 595 1002 675 1027; x_wconf 77' lang='lat' dir='ltr'>diligens</span> <span class='ocrx_word' id='word_1_271' title='bbox 687 1002 703 1021; x_wconf 92' lang='lat' dir='ltr'>ei</span> <span class='ocrx_word' id='word_1_272' title='bbox 717 1002 742 1021; x_wconf 90' lang='lat' dir='ltr'>rei</span> <span class='ocrx_word' id='word_1_273' title='bbox 754 1002 840 1020; x_wconf 86' lang='lat' dir='ltr'>studium</span> <span class='ocrx_word' id='word_1_274' title='bbox 855 1002 920 1021; x_wconf 86' lang='lat' dir='ltr'>daturn</span> <span class='ocrx_word' id='word_1_275' title='bbox 933 1002 996 1025; x_wconf 86' lang='lat' dir='ltr'>suerit,</span> <span class='ocrx_word' id='word_1_276' title='bbox 1005 1003 1058 1021; x_wconf 85' lang='lat' dir='ltr'>brevi</span> <span class='ocrx_word' id='word_1_277' title='bbox 1070 1003 1117 1026; x_wconf 84' lang='lat' dir='ltr'>fore,</span> 
     </span>
     <span class='ocr_line' id='line_1_25' title="bbox 178 1033 1118 1065; baseline 0 -12"><span class='ocrx_word' id='word_1_278' title='bbox 178 1038 201 1053; x_wconf 82' lang='lat' dir='ltr'>ut</span> <span class='ocrx_word' id='word_1_279' title='bbox 215 1034 289 1057; x_wconf 85' lang='lat' dir='ltr'>literae,</span> <span class='ocrx_word' id='word_1_280' title='bbox 304 1038 324 1053; x_wconf 87' lang='lat' dir='ltr'>ut</span> <span class='ocrx_word' id='word_1_281' title='bbox 338 1034 429 1056; x_wconf 73' lang='lat' dir='ltr'>Ecclesia,</span> <span class='ocrx_word' id='word_1_282' title='bbox 443 1038 463 1065; x_wconf 62' lang='lat' dir='ltr'>ut</span> <span class='ocrx_word' id='word_1_283' title='bbox 479 1034 545 1058; x_wconf 78' lang='lat' dir='ltr'>religio</span> <span class='ocrx_word' id='word_1_284' title='bbox 559 1033 633 1052; x_wconf 76' lang='lat' dir='ltr'>deserta</span> <span class='ocrx_word' id='word_1_285' title='bbox 648 1039 688 1052; x_wconf 82' lang='lat' dir='ltr'>esse</span> <span class='ocrx_word' id='word_1_286' title='bbox 703 1033 795 1052; x_wconf 78' lang='lat' dir='ltr'>videatur.</span> <span class='ocrx_word' id='word_1_287' title='bbox 810 1033 832 1052; x_wconf 93' lang='lat' dir='ltr'>V.</span> <span class='ocrx_word' id='word_1_288' title='bbox 848 1033 892 1052; x_wconf 80' lang='lat' dir='ltr'>Ftas</span> <span class='ocrx_word' id='word_1_289' title='bbox 907 1034 958 1058; x_wconf 80' lang='lat' dir='ltr'>quod</span> <span class='ocrx_word' id='word_1_290' title='bbox 973 1033 1070 1059; x_wconf 80' lang='lat' dir='ltr'>inopiam,</span> <span class='ocrx_word' id='word_1_291' title='bbox 1085 1040 1118 1053; x_wconf 89' lang='lat' dir='ltr'>ne-</span> 
     </span>
     <span class='ocr_line' id='line_1_26' title="bbox 178 1065 1118 1090; baseline -0.001 -6"><span class='ocrx_word' id='word_1_292' title='bbox 178 1066 222 1084; x_wconf 82' lang='lat' dir='ltr'>scio</span> <span class='ocrx_word' id='word_1_293' title='bbox 236 1071 305 1090; x_wconf 76' lang='lat' dir='ltr'>quarn,</span> <span class='ocrx_word' id='word_1_294' title='bbox 326 1065 344 1084; x_wconf 93' lang='lat' dir='ltr'>in</span> <span class='ocrx_word' id='word_1_295' title='bbox 359 1065 400 1090; x_wconf 79' lang='lat' dir='ltr'>ejus</span> <span class='ocrx_word' id='word_1_296' title='bbox 414 1065 545 1090; x_wconf 75' lang='lat' dir='ltr'>dissipationis</span> <span class='ocrx_word' id='word_1_297' title='bbox 559 1065 702 1083; x_wconf 80' lang='lat' dir='ltr'>excusationem</span> <span class='ocrx_word' id='word_1_298' title='bbox 716 1065 804 1088; x_wconf 82' lang='lat' dir='ltr'>adducit,</span> <span class='ocrx_word' id='word_1_299' title='bbox 824 1065 871 1083; x_wconf 90' lang='lat' dir='ltr'>nihil</span> <span class='ocrx_word' id='word_1_300' title='bbox 885 1065 933 1090; x_wconf 59' lang='lat' dir='ltr'>agiu</span> <span class='ocrx_word' id='word_1_301' title='bbox 953 1065 1016 1084; x_wconf 83' lang='lat' dir='ltr'>sciunt</span> <span class='ocrx_word' id='word_1_302' title='bbox 1028 1065 1118 1084; x_wconf 85' lang='lat' dir='ltr'>homines</span> 
     </span>
     <span class='ocr_line' id='line_1_27' title="bbox 178 1096 1118 1121; baseline 0.001 -6"><span class='ocrx_word' id='word_1_303' title='bbox 178 1100 201 1115; x_wconf 83' lang='lat' dir='ltr'>et</span> <span class='ocrx_word' id='word_1_304' title='bbox 214 1097 286 1115; x_wconf 83' lang='lat' dir='ltr'>scimus</span> <span class='ocrx_word' id='word_1_305' title='bbox 301 1103 336 1115; x_wconf 87' lang='lat' dir='ltr'>nos</span> <span class='ocrx_word' id='word_1_306' title='bbox 350 1096 386 1121; x_wconf 89' lang='lat' dir='ltr'>ipsi</span> <span class='ocrx_word' id='word_1_307' title='bbox 401 1097 457 1115; x_wconf 79' lang='lat' dir='ltr'>etiam</span> <span class='ocrx_word' id='word_1_308' title='bbox 473 1097 544 1115; x_wconf 83' lang='lat' dir='ltr'>fructus</span> <span class='ocrx_word' id='word_1_309' title='bbox 561 1096 655 1115; x_wconf 76' lang='lat' dir='ltr'>Abbatiae</span> <span class='ocrx_word' id='word_1_310' title='bbox 673 1096 732 1115; x_wconf 77' lang='lat' dir='ltr'>Ftatis</span> <span class='ocrx_word' id='word_1_311' title='bbox 746 1096 769 1114; x_wconf 91' lang='lat' dir='ltr'>V.</span> <span class='ocrx_word' id='word_1_312' title='bbox 784 1096 822 1115; x_wconf 88' lang='lat' dir='ltr'>Sed</span> <span class='ocrx_word' id='word_1_313' title='bbox 837 1096 895 1115; x_wconf 86' lang='lat' dir='ltr'>iidem</span> <span class='ocrx_word' id='word_1_314' title='bbox 914 1096 977 1115; x_wconf 85' lang='lat' dir='ltr'>sciunt</span> <span class='ocrx_word' id='word_1_315' title='bbox 994 1102 1082 1121; x_wconf 85' lang='lat' dir='ltr'>quoque,</span> <span class='ocrx_word' id='word_1_316' title='bbox 1096 1103 1118 1116; x_wconf 84' lang='lat' dir='ltr'>ac</span> 
     </span>
     <span class='ocr_line' id='line_1_28' title="bbox 178 1128 1118 1153; baseline 0 -7"><span class='ocrx_word' id='word_1_317' title='bbox 178 1128 256 1146; x_wconf 73' lang='lat' dir='ltr'>utinam</span> <span class='ocrx_word' id='word_1_318' title='bbox 272 1128 375 1151; x_wconf 72' lang='lat' dir='ltr'>nescirent,</span> <span class='ocrx_word' id='word_1_319' title='bbox 395 1134 443 1153; x_wconf 90' lang='lat' dir='ltr'>quos</span> <span class='ocrx_word' id='word_1_320' title='bbox 457 1132 546 1153; x_wconf 84' lang='lat' dir='ltr'>sumptus</span> <span class='ocrx_word' id='word_1_321' title='bbox 561 1134 583 1146; x_wconf 81' lang='lat' dir='ltr'>ex</span> <span class='ocrx_word' id='word_1_322' title='bbox 598 1128 620 1146; x_wconf 92' lang='lat' dir='ltr'>iis</span> <span class='ocrx_word' id='word_1_323' title='bbox 634 1128 678 1146; x_wconf 76' lang='lat' dir='ltr'>Ftas</span> <span class='ocrx_word' id='word_1_324' title='bbox 693 1128 715 1146; x_wconf 95' lang='lat' dir='ltr'>V.</span> <span class='ocrx_word' id='word_1_325' title='bbox 730 1128 794 1151; x_wconf 76' lang='lat' dir='ltr'>faciat,</span> <span class='ocrx_word' id='word_1_326' title='bbox 815 1134 872 1153; x_wconf 79' lang='lat' dir='ltr'>quarn</span> <span class='ocrx_word' id='word_1_327' title='bbox 891 1132 966 1152; x_wconf 84' lang='lat' dir='ltr'>turpes,</span> <span class='ocrx_word' id='word_1_328' title='bbox 986 1134 1043 1152; x_wconf 80' lang='lat' dir='ltr'>quam</span> <span class='ocrx_word' id='word_1_329' title='bbox 1058 1134 1068 1146; x_wconf 78' lang='lat' dir='ltr'>a</span> <span class='ocrx_word' id='word_1_330' title='bbox 1082 1134 1118 1147; x_wconf 86' lang='lat' dir='ltr'>suo</span> 
     </span>
     <span class='ocr_line' id='line_1_29' title="bbox 178 1159 1119 1184; baseline 0 -7"><span class='ocrx_word' id='word_1_331' title='bbox 178 1159 262 1178; x_wconf 83' lang='lat' dir='ltr'>nomine</span> <span class='ocrx_word' id='word_1_332' title='bbox 277 1163 295 1178; x_wconf 81' lang='lat' dir='ltr'>et</span> <span class='ocrx_word' id='word_1_333' title='bbox 308 1159 376 1177; x_wconf 85' lang='lat' dir='ltr'>ordine</span> <span class='ocrx_word' id='word_1_334' title='bbox 396 1159 478 1182; x_wconf 81' lang='lat' dir='ltr'>alienos,</span> <span class='ocrx_word' id='word_1_335' title='bbox 498 1165 547 1184; x_wconf 85' lang='lat' dir='ltr'>quos</span> <span class='ocrx_word' id='word_1_336' title='bbox 567 1159 607 1184; x_wconf 76' lang='lat' dir='ltr'>ipsa</span> <span class='ocrx_word' id='word_1_337' title='bbox 622 1159 637 1178; x_wconf 93' lang='lat' dir='ltr'>si</span> <span class='ocrx_word' id='word_1_338' title='bbox 651 1159 756 1184; x_wconf 77' lang='lat' dir='ltr'>aliquando</span> <span class='ocrx_word' id='word_1_339' title='bbox 777 1159 851 1178; x_wconf 87' lang='lat' dir='ltr'>tolleret</span> <span class='ocrx_word' id='word_1_340' title='bbox 869 1159 899 1177; x_wconf 84' lang='lat' dir='ltr'>vel</span> <span class='ocrx_word' id='word_1_341' title='bbox 917 1159 1020 1182; x_wconf 80' lang='lat' dir='ltr'>minueret,</span> <span class='ocrx_word' id='word_1_342' title='bbox 1040 1159 1119 1177; x_wconf 85' lang='lat' dir='ltr'>haberet</span> 
     </span>
     <span class='ocr_line' id='line_1_30' title="bbox 178 1190 1117 1215; baseline -0.001 -6"><span class='ocrx_word' id='word_1_343' title='bbox 178 1190 281 1214; x_wconf 75' lang='lat' dir='ltr'>profecto,</span> <span class='ocrx_word' id='word_1_344' title='bbox 296 1191 347 1209; x_wconf 83' lang='lat' dir='ltr'>unde</span> <span class='ocrx_word' id='word_1_345' title='bbox 361 1190 484 1209; x_wconf 89' lang='lat' dir='ltr'>Conventum</span> <span class='ocrx_word' id='word_1_346' title='bbox 499 1197 539 1209; x_wconf 88' lang='lat' dir='ltr'>non</span> <span class='ocrx_word' id='word_1_347' title='bbox 554 1191 613 1209; x_wconf 90' lang='lat' dir='ltr'>modo</span> <span class='ocrx_word' id='word_1_348' title='bbox 628 1194 738 1213; x_wconf 80' lang='lat' dir='ltr'>conservet,</span> <span class='ocrx_word' id='word_1_349' title='bbox 758 1191 791 1209; x_wconf 83' lang='lat' dir='ltr'>sed</span> <span class='ocrx_word' id='word_1_350' title='bbox 806 1190 862 1209; x_wconf 79' lang='lat' dir='ltr'>etiam</span> <span class='ocrx_word' id='word_1_351' title='bbox 877 1194 950 1215; x_wconf 78' lang='lat' dir='ltr'>augeat.</span> <span class='ocrx_word' id='word_1_352' title='bbox 973 1190 1025 1209; x_wconf 89' lang='lat' dir='ltr'>Nihil</span> <span class='ocrx_word' id='word_1_353' title='bbox 1044 1190 1117 1215; x_wconf 80' lang='lat' dir='ltr'>attingo</span> 
     </span>
     <span class='ocr_line' id='line_1_31' title="bbox 178 1221 1118 1246; baseline 0 -6"><span class='ocrx_word' id='word_1_354' title='bbox 178 1221 259 1245; x_wconf 75' lang='lat' dir='ltr'>secreti,</span> <span class='ocrx_word' id='word_1_355' title='bbox 273 1227 323 1246; x_wconf 78' lang='lat' dir='ltr'>quae</span> <span class='ocrx_word' id='word_1_356' title='bbox 338 1222 401 1246; x_wconf 75' lang='lat' dir='ltr'>palum</span> <span class='ocrx_word' id='word_1_357' title='bbox 415 1225 471 1244; x_wconf 90' lang='lat' dir='ltr'>sunt,</span> <span class='ocrx_word' id='word_1_358' title='bbox 492 1222 540 1240; x_wconf 82' lang='lat' dir='ltr'>dico.</span> <span class='ocrx_word' id='word_1_359' title='bbox 561 1221 587 1240; x_wconf 76' lang='lat' dir='ltr'>lta</span> <span class='ocrx_word' id='word_1_360' title='bbox 602 1225 646 1240; x_wconf 90' lang='lat' dir='ltr'>sunt</span> <span class='ocrx_word' id='word_1_361' title='bbox 664 1222 715 1240; x_wconf 83' lang='lat' dir='ltr'>enim</span> <span class='ocrx_word' id='word_1_362' title='bbox 735 1221 825 1240; x_wconf 80' lang='lat' dir='ltr'>omnibus</span> <span class='ocrx_word' id='word_1_363' title='bbox 847 1222 930 1240; x_wconf 80' lang='lat' dir='ltr'>rationes</span> <span class='ocrx_word' id='word_1_364' title='bbox 945 1221 967 1240; x_wconf 93' lang='lat' dir='ltr'>V.</span> <span class='ocrx_word' id='word_1_365' title='bbox 983 1221 1042 1240; x_wconf 76' lang='lat' dir='ltr'>Ftatis</span> <span class='ocrx_word' id='word_1_366' title='bbox 1062 1226 1118 1240; x_wconf 83' lang='lat' dir='ltr'>notae</span> 
     </span>
     <span class='ocr_line' id='line_1_32' title="bbox 179 1251 1117 1277; baseline 0.001 -7"><span class='ocrx_word' id='word_1_367' title='bbox 179 1251 249 1276; x_wconf 76' lang='lat' dir='ltr'>factae,</span> <span class='ocrx_word' id='word_1_368' title='bbox 264 1257 285 1272; x_wconf 88' lang='lat' dir='ltr'>ut</span> <span class='ocrx_word' id='word_1_369' title='bbox 298 1253 411 1272; x_wconf 65' lang='lat' dir='ltr'>Venerabile</span> <span class='ocrx_word' id='word_1_370' title='bbox 431 1257 517 1271; x_wconf 88' lang='lat' dir='ltr'>nostrum</span> <span class='ocrx_word' id='word_1_371' title='bbox 533 1252 644 1277; x_wconf 78' lang='lat' dir='ltr'>Capitulum</span> <span class='ocrx_word' id='word_1_372' title='bbox 660 1252 695 1271; x_wconf 88' lang='lat' dir='ltr'>hoc</span> <span class='ocrx_word' id='word_1_373' title='bbox 710 1252 789 1271; x_wconf 84' lang='lat' dir='ltr'>nomine</span> <span class='ocrx_word' id='word_1_374' title='bbox 809 1252 909 1271; x_wconf 86' lang='lat' dir='ltr'>nobiscum</span> <span class='ocrx_word' id='word_1_375' title='bbox 931 1253 1032 1277; x_wconf 81' lang='lat' dir='ltr'>diligenter</span> <span class='ocrx_word' id='word_1_376' title='bbox 1051 1253 1117 1277; x_wconf 78' lang='lat' dir='ltr'>egerit,</span> 
     </span>
     <span class='ocr_line' id='line_1_33' title="bbox 180 1283 1117 1309; baseline 0.001 -8"><span class='ocrx_word' id='word_1_377' title='bbox 180 1287 208 1302; x_wconf 86' lang='lat' dir='ltr'>ut</span> <span class='ocrx_word' id='word_1_378' title='bbox 220 1290 253 1308; x_wconf 80' lang='lat' dir='ltr'>pro</span> <span class='ocrx_word' id='word_1_379' title='bbox 267 1289 332 1303; x_wconf 79' lang='lat' dir='ltr'>nostra</span> <span class='ocrx_word' id='word_1_380' title='bbox 346 1285 447 1303; x_wconf 75' lang='lat' dir='ltr'>autoritate</span> <span class='ocrx_word' id='word_1_381' title='bbox 461 1288 518 1309; x_wconf 80' lang='lat' dir='ltr'>atque</span> <span class='ocrx_word' id='word_1_382' title='bbox 532 1283 597 1302; x_wconf 77' lang='lat' dir='ltr'>officio</span> <span class='ocrx_word' id='word_1_383' title='bbox 616 1283 737 1302; x_wconf 83' lang='lat' dir='ltr'>inhibeamus</span> <span class='ocrx_word' id='word_1_384' title='bbox 751 1284 829 1302; x_wconf 81' lang='lat' dir='ltr'>tandem</span> <span class='ocrx_word' id='word_1_385' title='bbox 849 1290 926 1302; x_wconf 88' lang='lat' dir='ltr'>cursum</span> <span class='ocrx_word' id='word_1_386' title='bbox 945 1284 1052 1302; x_wconf 76' lang='lat' dir='ltr'>alienorum</span> <span class='ocrx_word' id='word_1_387' title='bbox 1072 1284 1117 1302; x_wconf 92' lang='lat' dir='ltr'>isto-</span> 
     </span>
     <span class='ocr_line' id='line_1_34' title="bbox 181 1315 1118 1340; baseline 0 -7"><span class='ocrx_word' id='word_1_388' title='bbox 181 1320 228 1334; x_wconf 85' lang='lat' dir='ltr'>rum</span> <span class='ocrx_word' id='word_1_389' title='bbox 241 1320 354 1340; x_wconf 85' lang='lat' dir='ltr'>sumptuum</span> <span class='ocrx_word' id='word_1_390' title='bbox 369 1320 453 1334; x_wconf 53' lang='lat' dir='ltr'>tuorum·</span> <span class='ocrx_word' id='word_1_391' title='bbox 473 1315 496 1334; x_wconf 82' lang='lat' dir='ltr'>Et</span> <span class='ocrx_word' id='word_1_392' title='bbox 510 1321 621 1340; x_wconf 75' lang='lat' dir='ltr'>quanquam</span> <span class='ocrx_word' id='word_1_393' title='bbox 636 1315 694 1334; x_wconf 84' lang='lat' dir='ltr'>veteri</span> <span class='ocrx_word' id='word_1_394' title='bbox 710 1318 774 1333; x_wconf 78' lang='lat' dir='ltr'>nostra</span> <span class='ocrx_word' id='word_1_395' title='bbox 791 1321 836 1340; x_wconf 73' lang='lat' dir='ltr'>erga</span> <span class='ocrx_word' id='word_1_396' title='bbox 850 1315 924 1334; x_wconf 78' lang='lat' dir='ltr'>Ftatem</span> <span class='ocrx_word' id='word_1_397' title='bbox 940 1315 962 1333; x_wconf 94' lang='lat' dir='ltr'>V.</span> <span class='ocrx_word' id='word_1_398' title='bbox 983 1315 1118 1333; x_wconf 82' lang='lat' dir='ltr'>benevolentia</span> 
     </span>
     <span class='ocr_line' id='line_1_35' title="bbox 182 1344 1117 1371; baseline 0 -7"><span class='ocrx_word' id='word_1_399' title='bbox 182 1344 215 1369; x_wconf 83' lang='lat' dir='ltr'>fit,</span> <span class='ocrx_word' id='word_1_400' title='bbox 227 1351 247 1365; x_wconf 86' lang='lat' dir='ltr'>ut</span> <span class='ocrx_word' id='word_1_401' title='bbox 257 1346 349 1365; x_wconf 75' lang='lat' dir='ltr'>hactenus</span> <span class='ocrx_word' id='word_1_402' title='bbox 364 1347 383 1365; x_wconf 89' lang='lat' dir='ltr'>in</span> <span class='ocrx_word' id='word_1_403' title='bbox 396 1346 432 1365; x_wconf 88' lang='lat' dir='ltr'>hoc</span> <span class='ocrx_word' id='word_1_404' title='bbox 447 1353 515 1371; x_wconf 84' lang='lat' dir='ltr'>genere</span> <span class='ocrx_word' id='word_1_405' title='bbox 531 1346 576 1365; x_wconf 89' lang='lat' dir='ltr'>nihil</span> <span class='ocrx_word' id='word_1_406' title='bbox 589 1352 624 1371; x_wconf 88' lang='lat' dir='ltr'>pro</span> <span class='ocrx_word' id='word_1_407' title='bbox 639 1346 704 1365; x_wconf 81' lang='lat' dir='ltr'>officio</span> <span class='ocrx_word' id='word_1_408' title='bbox 723 1352 797 1371; x_wconf 88' lang='lat' dir='ltr'>proque</span> <span class='ocrx_word' id='word_1_409' title='bbox 811 1346 913 1365; x_wconf 77' lang='lat' dir='ltr'>autoritate</span> <span class='ocrx_word' id='word_1_410' title='bbox 927 1346 1037 1365; x_wconf 82' lang='lat' dir='ltr'>fecerimus:</span> <span class='ocrx_word' id='word_1_411' title='bbox 1053 1350 1117 1364; x_wconf 84' lang='lat' dir='ltr'>tamen</span> 
     </span>
     <span class='ocr_line' id='line_1_36' title="bbox 183 1376 1117 1402; baseline -0.002 -5"><span class='ocrx_word' id='word_1_412' title='bbox 183 1378 275 1401; x_wconf 81' lang='lat' dir='ltr'>quoniam</span> <span class='ocrx_word' id='word_1_413' title='bbox 290 1384 387 1400; x_wconf 84' lang='lat' dir='ltr'>veremur,</span> <span class='ocrx_word' id='word_1_414' title='bbox 403 1384 432 1401; x_wconf 87' lang='lat' dir='ltr'>ne,</span> <span class='ocrx_word' id='word_1_415' title='bbox 446 1378 462 1396; x_wconf 87' lang='lat' dir='ltr'>si</span> <span class='ocrx_word' id='word_1_416' title='bbox 476 1384 496 1396; x_wconf 89' lang='lat' dir='ltr'>se</span> <span class='ocrx_word' id='word_1_417' title='bbox 511 1378 550 1402; x_wconf 78' lang='lat' dir='ltr'>ipsa</span> <span class='ocrx_word' id='word_1_418' title='bbox 566 1378 588 1396; x_wconf 89' lang='lat' dir='ltr'>V.</span> <span class='ocrx_word' id='word_1_419' title='bbox 603 1378 647 1396; x_wconf 72' lang='lat' dir='ltr'>Ftas</span> <span class='ocrx_word' id='word_1_420' title='bbox 662 1384 700 1396; x_wconf 92' lang='lat' dir='ltr'>non</span> <span class='ocrx_word' id='word_1_421' title='bbox 715 1377 815 1400; x_wconf 79' lang='lat' dir='ltr'>cohibeat,</span> <span class='ocrx_word' id='word_1_422' title='bbox 835 1378 892 1396; x_wconf 82' lang='lat' dir='ltr'>nobis</span> <span class='ocrx_word' id='word_1_423' title='bbox 906 1377 1012 1396; x_wconf 77' lang='lat' dir='ltr'>necessario</span> <span class='ocrx_word' id='word_1_424' title='bbox 1026 1377 1050 1395; x_wconf 92' lang='lat' dir='ltr'>sit</span> <span class='ocrx_word' id='word_1_425' title='bbox 1064 1376 1117 1395; x_wconf 86' lang='lat' dir='ltr'>cohi-</span> 
     </span>
     <span class='ocr_line' id='line_1_37' title="bbox 184 1406 1117 1434; baseline -0.001 -7"><span class='ocrx_word' id='word_1_426' title='bbox 184 1406 255 1433; x_wconf 81' lang='lat' dir='ltr'>benda,</span> <span class='ocrx_word' id='word_1_427' title='bbox 275 1409 309 1428; x_wconf 84' lang='lat' dir='ltr'>bas</span> <span class='ocrx_word' id='word_1_428' title='bbox 323 1409 347 1427; x_wconf 82' lang='lat' dir='ltr'>ad</span> <span class='ocrx_word' id='word_1_429' title='bbox 361 1409 412 1428; x_wconf 85' lang='lat' dir='ltr'>illam</span> <span class='ocrx_word' id='word_1_430' title='bbox 428 1409 491 1428; x_wconf 81' lang='lat' dir='ltr'>literas</span> <span class='ocrx_word' id='word_1_431' title='bbox 506 1410 551 1428; x_wconf 79' lang='lat' dir='ltr'>dare</span> <span class='ocrx_word' id='word_1_432' title='bbox 566 1409 673 1432; x_wconf 79' lang='lat' dir='ltr'>voluimus,</span> <span class='ocrx_word' id='word_1_433' title='bbox 692 1409 763 1434; x_wconf 87' lang='lat' dir='ltr'>quibus</span> <span class='ocrx_word' id='word_1_434' title='bbox 777 1409 861 1433; x_wconf 80' lang='lat' dir='ltr'>primum</span> <span class='ocrx_word' id='word_1_435' title='bbox 877 1409 900 1427; x_wconf 80' lang='lat' dir='ltr'>ab</span> <span class='ocrx_word' id='word_1_436' title='bbox 915 1409 946 1427; x_wconf 71' lang='lat' dir='ltr'>illu</span> <span class='ocrx_word' id='word_1_437' title='bbox 961 1409 1054 1433; x_wconf 80' lang='lat' dir='ltr'>petimus,</span> <span class='ocrx_word' id='word_1_438' title='bbox 1068 1408 1117 1426; x_wconf 79' lang='lat' dir='ltr'>vitae</span> 
     </span>
     <span class='ocr_line' id='line_1_38' title="bbox 185 1439 1117 1465; baseline -0.002 -6"><span class='ocrx_word' id='word_1_439' title='bbox 185 1442 209 1457; x_wconf 80' lang='lat' dir='ltr'>ut</span> <span class='ocrx_word' id='word_1_440' title='bbox 222 1440 258 1465; x_wconf 76' lang='lat' dir='ltr'>ipsa</span> <span class='ocrx_word' id='word_1_441' title='bbox 272 1446 318 1459; x_wconf 83' lang='lat' dir='ltr'>suae</span> <span class='ocrx_word' id='word_1_442' title='bbox 332 1440 421 1460; x_wconf 84' lang='lat' dir='ltr'>immutet</span> <span class='ocrx_word' id='word_1_443' title='bbox 441 1440 534 1464; x_wconf 76' lang='lat' dir='ltr'>rationes,</span> <span class='ocrx_word' id='word_1_444' title='bbox 558 1446 629 1465; x_wconf 87' lang='lat' dir='ltr'>eosque</span> <span class='ocrx_word' id='word_1_445' title='bbox 650 1444 738 1464; x_wconf 85' lang='lat' dir='ltr'>sumptus</span> <span class='ocrx_word' id='word_1_446' title='bbox 757 1440 862 1464; x_wconf 79' lang='lat' dir='ltr'>praecidat,</span> <span class='ocrx_word' id='word_1_447' title='bbox 885 1440 917 1464; x_wconf 87' lang='lat' dir='ltr'>qui</span> <span class='ocrx_word' id='word_1_448' title='bbox 932 1444 950 1458; x_wconf 84' lang='lat' dir='ltr'>et</span> <span class='ocrx_word' id='word_1_449' title='bbox 964 1440 1015 1458; x_wconf 80' lang='lat' dir='ltr'>illam</span> <span class='ocrx_word' id='word_1_450' title='bbox 1038 1439 1117 1464; x_wconf 85' lang='lat' dir='ltr'>quidem</span> 
     </span>
     <span class='ocr_line' id='line_1_39' title="bbox 187 1470 1117 1496; baseline -0.001 -6"><span class='ocrx_word' id='word_1_451' title='bbox 187 1470 298 1490; x_wconf 74' lang='lat' dir='ltr'>exhauriunt</span> <span class='ocrx_word' id='word_1_452' title='bbox 317 1472 388 1496; x_wconf 90' lang='lat' dir='ltr'>pariter</span> <span class='ocrx_word' id='word_1_453' title='bbox 407 1476 425 1490; x_wconf 95' lang='lat' dir='ltr'>et</span> <span class='ocrx_word' id='word_1_454' title='bbox 439 1476 576 1496; x_wconf 68' lang='lat' dir='ltr'>compununt,</span> <span class='ocrx_word' id='word_1_455' title='bbox 595 1476 613 1490; x_wconf 84' lang='lat' dir='ltr'>et</span> <span class='ocrx_word' id='word_1_456' title='bbox 627 1472 682 1490; x_wconf 90' lang='lat' dir='ltr'>nobis</span> <span class='ocrx_word' id='word_1_457' title='bbox 697 1471 824 1496; x_wconf 79' lang='lat' dir='ltr'>universoque</span> <span class='ocrx_word' id='word_1_458' title='bbox 839 1471 901 1489; x_wconf 90' lang='lat' dir='ltr'>ordini</span> <span class='ocrx_word' id='word_1_459' title='bbox 916 1471 994 1489; x_wconf 82' lang='lat' dir='ltr'>inurunt</span> <span class='ocrx_word' id='word_1_460' title='bbox 1008 1470 1117 1493; x_wconf 62' lang='lat' dir='ltr'>infamiam</span> 
     </span>
     <span class='ocr_line' id='line_1_40' title="bbox 188 1500 1116 1527; baseline -0.001 -7"><span class='ocrx_word' id='word_1_461' title='bbox 188 1500 260 1526; x_wconf 76' lang='lat' dir='ltr'>deinde,</span> <span class='ocrx_word' id='word_1_462' title='bbox 276 1507 297 1521; x_wconf 90' lang='lat' dir='ltr'>ut</span> <span class='ocrx_word' id='word_1_463' title='bbox 310 1503 360 1521; x_wconf 79' lang='lat' dir='ltr'>duos</span> <span class='ocrx_word' id='word_1_464' title='bbox 375 1503 409 1522; x_wconf 84' lang='lat' dir='ltr'>hos</span> <span class='ocrx_word' id='word_1_465' title='bbox 424 1503 499 1526; x_wconf 78' lang='lat' dir='ltr'>fratres,</span> <span class='ocrx_word' id='word_1_466' title='bbox 514 1503 546 1527; x_wconf 83' lang='lat' dir='ltr'>qui</span> <span class='ocrx_word' id='word_1_467' title='bbox 561 1503 605 1521; x_wconf 80' lang='lat' dir='ltr'>istas</span> <span class='ocrx_word' id='word_1_468' title='bbox 620 1503 753 1525; x_wconf 81' lang='lat' dir='ltr'>reddiderunt,</span> <span class='ocrx_word' id='word_1_469' title='bbox 768 1503 787 1521; x_wconf 94' lang='lat' dir='ltr'>in</span> <span class='ocrx_word' id='word_1_470' title='bbox 803 1502 925 1521; x_wconf 84' lang='lat' dir='ltr'>Conventum</span> <span class='ocrx_word' id='word_1_471' title='bbox 941 1502 1028 1526; x_wconf 73' lang='lat' dir='ltr'>accipiat,</span> <span class='ocrx_word' id='word_1_472' title='bbox 1043 1505 1116 1520; x_wconf 84' lang='lat' dir='ltr'>ceteros</span> 
     </span>
     <span class='ocr_line' id='line_1_41' title="bbox 189 1533 1116 1559; baseline 0 -8"><span class='ocrx_word' id='word_1_473' title='bbox 189 1536 246 1552; x_wconf 74' lang='lat' dir='ltr'>autem</span> <span class='ocrx_word' id='word_1_474' title='bbox 262 1540 341 1559; x_wconf 86' lang='lat' dir='ltr'>quoque</span> <span class='ocrx_word' id='word_1_475' title='bbox 355 1540 379 1553; x_wconf 82' lang='lat' dir='ltr'>ne</span> <span class='ocrx_word' id='word_1_476' title='bbox 393 1534 455 1559; x_wconf 79' lang='lat' dir='ltr'>ejiciat</span> <span class='ocrx_word' id='word_1_477' title='bbox 469 1540 516 1553; x_wconf 86' lang='lat' dir='ltr'>neve</span> <span class='ocrx_word' id='word_1_478' title='bbox 531 1534 624 1559; x_wconf 79' lang='lat' dir='ltr'>dispellat.</span> <span class='ocrx_word' id='word_1_479' title='bbox 640 1534 660 1552; x_wconf 90' lang='lat' dir='ltr'>Si</span> <span class='ocrx_word' id='word_1_480' title='bbox 675 1534 721 1558; x_wconf 80' lang='lat' dir='ltr'>quid</span> <span class='ocrx_word' id='word_1_481' title='bbox 735 1534 754 1552; x_wconf 88' lang='lat' dir='ltr'>in</span> <span class='ocrx_word' id='word_1_482' title='bbox 770 1539 809 1558; x_wconf 87' lang='lat' dir='ltr'>quo</span> <span class='ocrx_word' id='word_1_483' title='bbox 824 1537 852 1552; x_wconf 88' lang='lat' dir='ltr'>est</span> <span class='ocrx_word' id='word_1_484' title='bbox 866 1534 916 1556; x_wconf 83' lang='lat' dir='ltr'>vitii,</span> <span class='ocrx_word' id='word_1_485' title='bbox 933 1533 952 1551; x_wconf 85' lang='lat' dir='ltr'>id</span> <span class='ocrx_word' id='word_1_486' title='bbox 967 1533 1068 1558; x_wconf 78' lang='lat' dir='ltr'>prudentia</span> <span class='ocrx_word' id='word_1_487' title='bbox 1083 1539 1116 1551; x_wconf 78' lang='lat' dir='ltr'>sua</span> 
     </span>
     <span class='ocr_line' id='line_1_42' title="bbox 191 1564 1116 1591; baseline -0.002 -7"><span class='ocrx_word' id='word_1_488' title='bbox 191 1569 274 1591; x_wconf 72' lang='lat' dir='ltr'>contegat</span> <span class='ocrx_word' id='word_1_489' title='bbox 287 1570 306 1584; x_wconf 91' lang='lat' dir='ltr'>et</span> <span class='ocrx_word' id='word_1_490' title='bbox 319 1566 425 1584; x_wconf 77' lang='lat' dir='ltr'>secundum</span> <span class='ocrx_word' id='word_1_491' title='bbox 446 1565 497 1590; x_wconf 80' lang='lat' dir='ltr'>leges</span> <span class='ocrx_word' id='word_1_492' title='bbox 511 1569 568 1590; x_wconf 81' lang='lat' dir='ltr'>atque</span> <span class='ocrx_word' id='word_1_493' title='bbox 583 1565 668 1583; x_wconf 79' lang='lat' dir='ltr'>instituta</span> <span class='ocrx_word' id='word_1_494' title='bbox 687 1565 764 1590; x_wconf 87' lang='lat' dir='ltr'>puniat,</span> <span class='ocrx_word' id='word_1_495' title='bbox 784 1564 907 1583; x_wconf 84' lang='lat' dir='ltr'>Conventum</span> <span class='ocrx_word' id='word_1_496' title='bbox 926 1569 988 1583; x_wconf 68' lang='lat' dir='ltr'>auten]</span> <span class='ocrx_word' id='word_1_497' title='bbox 1004 1564 1116 1583; x_wconf 87' lang='lat' dir='ltr'>hominibus</span> 
     </span>
     <span class='ocr_line' id='line_1_43' title="bbox 193 1594 1115 1621; baseline -0.001 -6"><span class='ocrx_word' id='word_1_498' title='bbox 193 1594 273 1616; x_wconf 68' lang='lat' dir='ltr'>frutribus</span> <span class='ocrx_word' id='word_1_499' title='bbox 292 1601 364 1615; x_wconf 84' lang='lat' dir='ltr'>temere</span> <span class='ocrx_word' id='word_1_500' title='bbox 379 1603 402 1615; x_wconf 90' lang='lat' dir='ltr'>ne</span> <span class='ocrx_word' id='word_1_501' title='bbox 417 1596 483 1621; x_wconf 87' lang='lat' dir='ltr'>privet.</span> <span class='ocrx_word' id='word_1_502' title='bbox 504 1597 547 1615; x_wconf 86' lang='lat' dir='ltr'>Hoc</span> <span class='ocrx_word' id='word_1_503' title='bbox 562 1601 665 1621; x_wconf 87' lang='lat' dir='ltr'>utrumque</span> <span class='ocrx_word' id='word_1_504' title='bbox 680 1596 702 1614; x_wconf 92' lang='lat' dir='ltr'>V.</span> <span class='ocrx_word' id='word_1_505' title='bbox 720 1596 793 1614; x_wconf 69' lang='lat' dir='ltr'>Ftateni</span> <span class='ocrx_word' id='word_1_506' title='bbox 816 1596 915 1620; x_wconf 80' lang='lat' dir='ltr'>diligenter</span> <span class='ocrx_word' id='word_1_507' title='bbox 935 1596 1041 1614; x_wconf 83' lang='lat' dir='ltr'>hortamur.</span> <span class='ocrx_word' id='word_1_508' title='bbox 1064 1595 1115 1614; x_wconf 84' lang='lat' dir='ltr'>Bene</span> 
     </span>
     <span class='ocr_line' id='line_1_44' title="bbox 193 1627 492 1651; baseline 0.003 -6"><span class='ocrx_word' id='word_1_509' title='bbox 193 1628 249 1647; x_wconf 78' lang='lat' dir='ltr'>valeat.</span> <span class='ocrx_word' id='word_1_510' title='bbox 268 1628 380 1651; x_wconf 67' lang='lat' dir='ltr'>Cracoviae,</span> <span class='ocrx_word' id='word_1_511' title='bbox 394 1627 419 1646; x_wconf 90' lang='lat' dir='ltr'>Vl</span> <span class='ocrx_word' id='word_1_512' title='bbox 434 1627 492 1646; x_wconf 75' lang='lat' dir='ltr'>Junii.</span> 
     </span>
    </p>
   </div>
   <div class='ocr_carea' id='block_1_6' title="bbox 219 1690 534 1711">
    <p class='ocr_par' dir='ltr' id='par_1_6' title="bbox 219 1690 534 1711">
     <span class='ocr_line' id='line_1_45' title="bbox 219 1690 534 1711; baseline -0.006 -4"><span class='ocrx_word' id='word_1_513' title='bbox 219 1692 223 1702; x_wconf 82' lang='lat'>¹</span> <span class='ocrx_word' id='word_1_514' title='bbox 245 1691 308 1710; x_wconf 73' lang='lat' dir='ltr'>Miejsce</span> <span class='ocrx_word' id='word_1_515' title='bbox 319 1691 379 1711; x_wconf 73' lang='lat' dir='ltr'>pr⁶2ne</span> <span class='ocrx_word' id='word_1_516' title='bbox 390 1695 409 1706; x_wconf 75' lang='lat' dir='ltr'>nn</span> <span class='ocrx_word' id='word_1_517' title='bbox 421 1690 466 1709; x_wconf 80' lang='lat' dir='ltr'>jeden</span> <span class='ocrx_word' id='word_1_518' title='bbox 477 1695 534 1710; x_wconf 83' lang='lat' dir='ltr'>wyraz.</span> 
     </span>
    </p>
   </div>
   <div class='ocr_carea' id='block_1_7' title="bbox 244 1716 1016 1743">
    <p class='ocr_par' dir='ltr' id='par_1_7' title="bbox 244 1716 1016 1743">
     <span class='ocr_line' id='line_1_46' title="bbox 244 1716 1016 1743; baseline -0.009 -3"><span class='ocrx_word' id='word_1_519' title='bbox 244 1729 279 1741; x_wconf 71' lang='lat' dir='ltr'>m·</span> <span class='ocrx_word' id='word_1_520' title='bbox 287 1727 351 1741; x_wconf 70' lang='lat' dir='ltr'>rotoni--</span> <span class='ocrx_word' id='word_1_521' title='bbox 359 1727 428 1743; x_wconf 68' lang='grc' dir='ltr'>ωιιιιι-ιει,</span> <span class='ocrx_word' id='word_1_522' title='bbox 437 1728 481 1739; x_wconf 69' lang='lat' dir='ltr'>wma-</span> <span class='ocrx_word' id='word_1_523' title='bbox 489 1727 500 1740; x_wconf 78' lang='lat' dir='ltr'>x.</span> <span class='ocrx_word' id='word_1_524' title='bbox 993 1716 1002 1733; x_wconf 90' lang='grc'>5</span> <span class='ocrx_word' id='word_1_525' title='bbox 1007 1716 1016 1734; x_wconf 87' lang='grc'><strong>5</strong></span> 
     </span>
    </p>
   </div>
  </div>
 </body>
</html>
