1465 2093
511 200 651 215 mmmmm
664 201 729 220 mm,
742 201 799 215 mm.
1085 197 1121 221 363

182 251 268 277 jusserit,
283 253 350 272 lubens
364 253 411 271 iero.
427 253 455 272 De
470 257 557 278 tempore
572 252 701 272 Comitiorum
720 253 765 272 certi
780 253 827 278 quid
841 260 851 272 a
866 260 897 272 me
911 253 1014 279 praescribi
1032 260 1071 272 non
1086 260 1121 279 po-

183 288 231 307 test;
249 285 331 303 omnino
346 290 375 303 res
390 284 430 309 ipsa
445 285 515 309 pendet
529 291 551 303 ex
565 285 587 303 iis
602 285 693 309 negotiis,
711 291 760 310 quae
775 285 794 303 in
810 285 911 304 Lithuania
931 285 1021 304 obeunda
1039 289 1084 304 sunt
1097 285 1120 305 V.

184 315 204 334 S.
220 315 285 339 Mtati‚
305 322 395 340 cuperem
410 319 484 338 tamen,
504 320 524 334 ut
539 316 588 335 intra
605 316 717 335 Januarium
737 317 878 341 praestituatur.
902 317 961 339 Quod
980 317 1120 341 obligationem

184 347 284 365 bonorum
299 347 383 371 Jangrod
394 348 400 360 ¹
420 347 583 372 decumarumque
602 348 751 366 Lucoviensium
762 348 769 360 ²
788 348 864 371 attinet,
884 348 950 371 velim,
971 348 995 366 ita
1012 348 1048 367 sibi
1063 349 1086 367 V.
1101 348 1120 367 S.

184 378 235 397 Mtas
251 379 370 403 persuadeat,
385 385 416 397 me
431 379 483 403 quod
498 379 558 397 semel
572 379 616 397 dedi
626 379 639 402 ³,
654 379 766 404 praesertim
780 379 857 398 volente
869 383 888 398 et
899 379 977 404 jubente
990 379 1012 398 V.
1025 379 1043 398 S.
1056 380 1120 404 Mtate,

184 410 269 434 amplius
290 416 329 429 non
349 410 475 434 repetiturum
495 414 618 435 mortemque
638 410 693 429 citius
712 410 852 435 oppetiturum,
872 416 930 435 quam
951 411 996 429 haec
1019 410 1120 430 facturum.

185 441 332 466 Obligationem
345 441 398 466 quod
410 441 455 460 dare
467 441 547 466 refugio,
562 448 602 460 non
617 441 674 465 facio,
686 446 707 460 ut
718 442 809 466 cuiquam
821 442 844 460 de
857 441 894 460 fide
909 448 951 460 mea
966 442 1120 461 addubitandum

185 473 219 495 sit,
238 473 273 491 sed
287 477 308 491 ut
322 473 354 498 qui
372 472 466 491 beneficio
481 479 525 491 meo
539 479 574 497 pro
589 473 649 498 gratia
663 473 682 491 S.
697 473 761 492 Mtatis
775 473 798 492 V.
813 473 842 492 vel
860 479 924 492 meam
941 479 1020 498 quoque
1039 473 1120 498 gratiam

186 510 226 522 non
241 503 349 528 offenderit,
364 510 421 529 quam
437 504 523 529 profecto
537 504 674 529 cogitationem
689 510 788 529 nunquam
802 504 916 529 susciperet.
935 505 950 523 si
965 504 1051 523 beneficii
1071 505 1120 523 obli-

185 535 285 560 gationem
300 535 384 554 haberet.
399 535 444 554 Non
459 539 529 554 temere
542 535 561 554 S.
574 536 613 554 Rex
628 542 691 560 neque
705 536 802 555 immerito
816 542 892 555 summa
904 536 1019 554 Senatorum
1031 539 1050 554 et
1061 536 1119 561 Equi-

186 570 228 585 tum
243 567 368 585 contentione
383 573 444 591 nuper
458 567 477 585 in
492 566 582 585 Comitiis
597 567 698 586 obtentum
712 571 750 590 est,
765 571 786 586 ut
800 567 951 591 exspectationes
968 567 1120 586 sacerdotiorum

186 602 244 622 atque
264 598 378 622 dignitatum
393 604 403 616 a
418 598 440 616 V.
455 598 514 616 Mtate
534 598 617 622 cuipiam
635 604 745 621 concessae,
765 598 846 617 omnino
865 599 1012 623 abrogarentur;
1032 598 1121 616 viderunt

186 629 237 647 enim
253 632 326 653 pestem
342 635 382 648 esse
397 629 528 653 Reipublicae,
543 629 568 647 ita
580 629 668 648 homines
682 629 735 648 abuti
750 629 809 654 Regia
824 629 889 654 gratia,
901 633 922 648 ut
937 635 996 654 quum
1012 635 1053 648 eam
1066 629 1120 654 quasi

185 660 257 685 scripto
278 660 383 685 obligatam
403 660 495 683 habeant,
516 666 555 678 non
569 660 605 678 sibi
620 661 703 685 amplius
722 661 745 679 de
760 661 859 679 retinenda
873 667 895 679 ea
909 661 1037 679 laborandum
1057 661 1120 679 existi-

186 695 246 710 ment.
267 693 319 710 Amo
338 698 383 710 sane
397 698 433 716 ego
455 696 556 716 utrosque,
571 691 642 716 quibus
660 692 689 710 vel
708 692 799 716 Jangrodi
820 692 961 717 possessiones,
981 692 1009 710 vel
1030 692 1120 710 decumas

186 722 316 741 Lucovienses
330 722 385 741 certis
403 722 508 741 rationibus
523 722 615 741 concessi:
636 728 677 741 eam
695 723 839 741 concessionem
859 729 937 748 quoque
952 729 990 742 non
1005 723 1120 747 immutabo,

186 754 252 779 quoad
267 754 292 772 illi
307 754 393 772 animum
408 760 452 778 erga
467 760 497 772 me
512 760 552 772 non
567 754 693 772 immutarint.
708 754 746 772 Sed
761 754 824 773 dicam
838 754 860 773 V.
876 754 895 773 S.
910 754 973 777 Mtati,
988 754 1035 779 quid
1049 754 1068 773 in
1083 754 1120 773 hoc

184 791 257 810 genere
277 786 315 810 jam
329 785 353 804 ab
368 785 427 804 altero
447 789 560 808 attentetur,
580 791 626 804 nam
648 785 705 804 frater
725 785 763 804 Dni
780 785 930 804 Przerembski⁴
950 785 969 804 in
989 786 1121 810 possessiones

185 823 238 835 meas
253 823 292 835 non
308 816 333 835 ita
347 817 409 835 multo
428 820 472 835 ante
492 816 601 835 incursione
622 816 670 835 facta
690 823 780 841 magnam
798 817 817 835 in
836 817 886 841 agris
905 816 1012 835 vastitatem
1032 816 1084 840 fecit,
1101 817 1120 835 in

184 848 293 873 ceterisque
313 848 369 866 rebus
388 852 460 866 tantam
481 847 591 866 violentiam
613 848 704 870 exercuit,
724 852 745 866 ut
760 854 798 867 non
814 848 854 873 ejus
873 848 938 871 frater,
957 848 990 872 qui
1005 847 1120 866 beneficium

183 886 194 898 a
209 886 242 898 me
256 879 337 904 accepit,
356 880 390 898 sed
404 879 531 898 alienissimus
546 882 564 897 et
582 879 724 898 inimicissimus
744 879 804 898 homo
825 885 865 898 esse
885 879 977 897 videatur.
1001 879 1039 897 Sed
1059 885 1120 904 neque

184 911 244 929 frater
263 911 337 933 solum,
357 916 423 929 verum
444 910 502 928 etiam
523 910 563 934 ipse
579 910 632 928 Dnus
652 910 784 929 Przerembski
800 910 818 929 in
834 910 879 933 hac,
900 916 957 934 quam
973 910 1022 928 Sede
1042 914 1121 928 vacante

184 942 244 967 gessit
259 941 446 960 administrationem
461 942 594 966 Episcopatus,
610 941 634 960 ita
650 942 705 960 nobis
720 942 807 966 praedia,
822 942 903 964 domos,
925 941 1072 966 supellectilem,
1087 947 1120 965 pe-

184 979 231 992 cora
246 973 328 998 reliquit,
343 977 364 991 ut
376 973 466 991 exhausta
481 973 546 991 omnia
557 979 579 991 ac
591 972 693 991 imminuta
707 979 786 997 prorsus
801 979 842 991 esse
856 973 963 995 videantur,
978 979 1035 997 quam
1050 972 1120 991 immu-

184 1005 280 1023 tationem
295 1004 318 1023 ab
333 1004 374 1023 aliis
386 1004 427 1022 fieri
442 1010 481 1022 non
497 1007 570 1022 tantum
586 1010 625 1022 non
640 1004 748 1028 prohibuit,
763 1004 797 1022 sed
811 1004 851 1028 ipse
866 1003 922 1022 etiam
938 1004 997 1022 multa
1012 1004 1035 1022 de
1050 1003 1121 1022 nostris

185 1036 271 1061 praediis
285 1035 404 1060 Jangrodum
419 1035 538 1059 convexisse,
553 1035 612 1054 multa
627 1036 713 1060 abegisse
728 1035 807 1054 dicitur.
821 1035 925 1060 Prantnico
935 1036 943 1047 ⁵
963 1035 1016 1060 quod
1031 1041 1066 1053 nos
1081 1041 1120 1053 non

185 1071 253 1086 nostra
268 1067 338 1092 magis,
358 1073 416 1092 quam
431 1067 453 1085 V.
468 1067 532 1085 Mtatis
547 1073 604 1085 causa
618 1073 654 1085 suo
669 1067 702 1085 illo
718 1071 787 1085 ornatu
807 1066 925 1091 perpolitum
943 1072 983 1085 esse
1000 1072 1121 1090 cuperemus,

185 1102 262 1117 tantum
274 1104 296 1117 ex
308 1098 389 1122 pristino
401 1098 463 1116 nitore
477 1098 586 1122 squalorem
599 1098 679 1121 induxit,
694 1102 715 1116 ut
727 1098 791 1121 riscos,
805 1098 871 1121 lectos,
882 1103 965 1120 scamna,
978 1097 1058 1120 tabulas,
1072 1103 1120 1122 quae

185 1130 210 1149 ita
225 1130 275 1148 facta
295 1129 359 1154 itaque
374 1129 410 1148 fixa
425 1133 487 1153 erant,
508 1133 528 1147 ut
541 1129 579 1147 alio
598 1129 694 1148 transferri
712 1129 743 1148 vix
759 1129 867 1154 potuerint,
886 1133 937 1147 certe
956 1135 995 1147 non
1012 1128 1121 1151 debuerint,

185 1161 276 1180 avulserit
290 1165 308 1179 et
322 1160 431 1185 asportarit,
451 1165 534 1179 veterem
549 1160 606 1179 etiam
621 1160 765 1185 Episcoporum
779 1160 851 1179 curiam
867 1160 987 1179 consimilem
1002 1160 1026 1178 ad
1041 1160 1121 1178 modum

186 1193 284 1217 plerisque
299 1193 355 1210 rebus
369 1192 487 1215 exinanierit,
503 1196 520 1210 et
535 1198 595 1216 quum
614 1192 693 1210 reddere
712 1192 767 1210 nobis
781 1192 908 1216 Episcopatus
928 1191 1068 1216 possessionem
1088 1197 1120 1209 na-

186 1224 220 1242 ctis
235 1223 363 1248 promisisset,
384 1229 422 1241 non
437 1223 546 1242 reddiderit.
570 1223 625 1241 Nunc
639 1230 649 1241 a
664 1223 686 1241 V.
702 1223 721 1241 S.
736 1223 794 1242 Mtate
809 1223 865 1241 etiam
884 1227 940 1247 etque
955 1222 1012 1241 etiam
1027 1226 1080 1246 peto,
1094 1222 1121 1240 vi-

187 1255 237 1278 deat,
252 1261 275 1273 an
291 1255 336 1273 haec
351 1255 385 1273 ista
400 1255 447 1279 grati
462 1255 521 1273 animi
536 1254 589 1279 signa
604 1258 660 1279 atque
675 1254 744 1272 indicia
759 1260 799 1273 esse
813 1258 877 1279 putet,
892 1258 910 1272 et
924 1260 948 1272 an
963 1260 1000 1272 non
1021 1253 1122 1276 existimet,

186 1287 201 1305 si
216 1286 293 1310 saepius
313 1286 380 1304 iisdem
401 1286 494 1304 molestiis
514 1286 611 1304 lacessitus
629 1285 694 1309 fuero,
713 1291 796 1310 aequum
811 1291 842 1304 me
857 1285 961 1307 facturum,
975 1285 990 1303 si
1005 1285 1028 1303 ab
1043 1285 1121 1309 ingratis

187 1317 304 1336 beneficium
323 1317 424 1336 sustulero.
445 1317 467 1336 V.
482 1317 501 1335 S.
516 1317 595 1335 Mtatem
616 1317 667 1335 Deus
681 1317 737 1335 nobis
751 1317 830 1335 feliciter
850 1317 976 1341 imperantem
991 1322 1012 1335 ac
1027 1316 1121 1334 faventem

185 1349 267 1372 longum
283 1352 387 1367 conservet.
402 1348 512 1372 Cracoviae,
526 1348 543 1366 X
558 1348 682 1373 Septembris.

212 1421 258 1441 693.
606 1421 703 1440 Eidem.

764 1467 881 1491 Cracoviae,
896 1469 919 1486 12
932 1468 1051 1492 Septembris
1065 1469 1120 1486 1551.

251 1506 371 1529 Consilium,
392 1505 444 1530 quod
459 1506 481 1523 V.
497 1505 516 1524 S.
532 1505 580 1523 Mtas
601 1504 688 1529 requirit,
709 1508 728 1523 et
741 1504 794 1529 quod
809 1504 933 1529 Reipublicae
947 1505 1020 1528 debeo,
1040 1505 1120 1527 utinam,

182 1544 247 1564 quam
263 1538 288 1555 do
301 1537 347 1555 illud
361 1537 442 1555 libenter
457 1540 475 1555 et
490 1536 577 1560 fideliter,
592 1540 631 1554 tam
649 1536 697 1555 bene
712 1539 768 1560 atque
783 1535 862 1554 feliciter
877 1536 957 1554 eveniat.
972 1537 999 1555 Ac
1013 1536 1119 1560 optandum

181 1570 268 1595 quidem
289 1568 351 1587 fuerat
370 1568 416 1586 illud
431 1572 449 1586 et
464 1571 529 1586 nostra
549 1572 567 1586 et
581 1568 704 1592 Reipublicae
719 1573 786 1590 causa,
805 1571 827 1586 ut
840 1567 864 1586 de
881 1567 904 1585 iis
921 1567 977 1586 rebus
997 1567 1076 1586 consilia
1096 1567 1121 1585 ita

180 1601 234 1621 olim
250 1600 296 1619 inita
311 1600 397 1623 fuissent,
412 1603 432 1618 ut
446 1599 565 1618 imminentia
580 1599 644 1623 potius
658 1599 707 1617 mala
721 1598 821 1622 avertisse,
836 1604 894 1623 quam
909 1598 1039 1617 incumbentia
1057 1598 1120 1623 depel-

223 1669 228 1680 ¹
251 1668 275 1684 ef.
286 1668 322 1687 643.
386 1667 392 1678 ²
406 1667 469 1683 Lultow
480 1672 494 1682 w
506 1666 617 1682 Lubelskiern?
628 1655 698 1682 Lukowa
709 1666 747 1681 kole
758 1666 838 1682 Sobltowa
849 1671 864 1681 w
875 1665 1027 1682 Sandomierskiem?

220 1696 228 1706 ³
251 1694 274 1710 Cf.
286 1694 322 1713 645.
386 1694 393 1704 ⁴
406 1693 475 1709 Jonnnis.
539 1693 545 1704 ¹
560 1692 632 1713 Prqdnik.
