1465 2093
503 206 642 221 evisa-omnim
656 204 720 225 mum,
734 205 798 220 imm.
1075 205 1113 224 423

178 258 213 284 qui
227 263 271 278 sunt
287 265 375 282 mecum,
390 263 408 278 et
422 259 485 278 minus
499 265 583 284 acquum
598 262 647 277 esset
661 263 679 277 et
694 258 740 277 mihi
755 264 848 284 perquam
866 264 928 282 grave.
943 259 960 276 Α
974 258 997 276 V.
1012 257 1066 276 Ftate
1080 264 1113 282 pe-

178 293 208 313 to,
224 296 248 308 ne
263 291 309 315 quid
324 291 379 309 isthic
395 291 489 315 ejusmodi
504 290 567 309 statim
582 290 648 312 faciat,
668 290 722 314 quod
736 290 759 308 ad
774 289 821 308 nihil
835 289 896 312 aliud,
916 295 973 314 quarn
988 289 1012 307 ad
1027 295 1057 307 me
1076 289 1113 307 lae-

178 320 266 340 dendum
281 325 299 340 et
313 322 465 340 exacerbandum
487 321 582 346 pertinere
601 321 703 340 videretur.
724 321 757 339 Est
772 327 814 340 mea
829 321 900 344 etiams
915 321 945 339 cui
961 326 1060 345 praesum,
1075 326 1114 338 non

178 352 237 371 nimis
254 356 334 377 angusta
355 358 416 377 neque
431 359 441 371 a
455 352 565 371 sacerdotiis
579 352 636 377 inops
651 352 752 375 dioecesis,
770 352 790 370 in
806 358 852 377 qua,
867 352 881 371 si
897 355 969 371 veteres
983 352 1009 370 illi
1025 351 1114 370 Canones

178 384 254 402 restitui
268 390 290 402 ac
305 384 368 408 vigere
383 384 481 405 deberent,
495 383 529 408 qui
543 387 588 402 sunt
602 384 626 402 de
640 383 748 406 residendo,
769 384 833 408 plures
847 383 934 408 profecto
949 389 970 402 ea
985 389 1014 402 res
1033 383 1114 407 attinge-

178 418 214 437 ret,
230 421 288 439 quam
304 419 323 433 ut
337 414 424 433 satisfieri
438 415 465 433 illi
480 415 536 439 plane
550 415 612 439 possit
626 415 655 433 his
670 415 709 433 istis
723 415 851 439 temporibus.
863 415 886 433 V.
899 414 943 433 Ftas
957 418 1051 439 quantum
1064 414 1114 432 Ada-

178 451 234 465 mum
250 452 313 465 meum
329 446 428 471 adjuverit,
443 447 554 465 tantundem
570 446 596 465 illi
611 446 678 465 lubens
693 452 805 471 reposuero.
826 446 880 468 Quae
895 446 943 464 bene
957 446 1024 464 valeat.
1044 445 1114 464 Datum

178 476 243 496 XXIX
258 477 355 496 Octobris.

206 541 252 561 ⁷192.
401 543 513 565 Nioolao,
527 543 730 566 Archiepiseopo
744 543 896 562 Gnesnensi.

755 584 871 606 Cracoviae,
885 585 913 602 30
926 583 1043 603 Novembris
1057 584 1113 602 1552.

245 620 265 638 Si
280 620 342 638 dolori
363 620 555 645 obtemperavissem,
576 627 615 645 quo
630 624 648 639 ct
664 627 700 645 ego
721 624 739 639 et
753 619 855 639 Corczbok
868 620 872 632 ¹
892 618 949 638 frater
969 624 986 639 et
1001 619 1115 638 Venerabile

179 650 294 675 Capitulum
314 657 380 670 meum
394 658 404 670 a
419 652 442 670 R.
457 651 529 670 Dtione
543 652 565 670 V.
581 658 646 670 recens
666 651 727 670 affecti
741 657 818 674 sumus,
838 651 885 669 nihil
900 651 952 676 prius
971 651 1068 675 fecissem,
1083 655 1116 669 aut

179 682 267 701 fortassis
286 682 343 701 etiam
363 683 515 706 accomodatius,
535 689 593 707 quam
608 687 629 701 ut
643 683 808 707 quemadmodum
828 683 851 701 R.
867 682 911 701 Dtio
926 682 949 701 V.
964 682 1021 701 nullis
1041 682 1065 701 ad
1085 688 1115 701 me

178 713 259 739 privatis
273 713 322 732 datis
336 713 400 737 literis,
415 720 445 732 me
460 718 488 732 est
502 714 607 739 fratresque
622 720 675 732 meos
690 720 712 732 ex
724 714 829 738 improviso
843 720 925 738 agressa,
940 714 1000 732 nullas
1015 714 1055 738 ipse
1067 719 1115 738 quo-

179 750 219 770 que
234 745 258 763 ad
273 751 315 763 eam
329 744 392 763 literas
407 745 482 768 darem,
497 751 536 769 quo
552 745 623 764 doloris
638 749 712 764 tantum
727 745 754 763 vis
768 749 826 770 atque
840 745 932 763 acerbitas
947 745 1033 768 duceret,
1047 750 1115 769 seque-

179 780 221 799 rer;
241 776 274 794 sed
289 776 336 794 mihi
351 779 369 794 et
383 782 424 794 mea
439 776 458 794 in
474 776 495 794 R.
517 776 608 794 Dtionem
623 776 645 794 V.
665 776 786 795 observantia
801 780 819 795 et
834 776 949 800 Respublica
969 780 1033 794 nostra
1053 775 1115 794 dolori

180 813 227 826 meo
241 806 362 825 anteferenda
383 807 466 825 fuerunt.
489 807 598 826 Meminerit
617 808 698 826 obsecro
717 807 739 825 R.
755 807 800 826 Dtio
814 807 844 830 V.,
859 813 916 832 quam
932 813 967 832 ego
981 813 1057 831 semper
1077 811 1115 825 stu-

180 838 248 857 diosus
262 838 312 856 illius
326 838 429 860 extiterim,
450 844 508 863 quarn
523 844 591 857 omnes
611 845 664 857 meos
679 839 702 857 ad
717 839 768 857 idem
783 838 868 857 studium
883 838 990 861 invitarim,
1010 844 1068 863 quam
1084 838 1115 856 de-

181 869 243 888 derim
264 875 353 893 operam,
373 873 394 888 ut
409 869 431 887 R.
446 869 491 888 Dtio
505 869 528 888 V.
543 875 585 888 cum
601 870 652 894 apud
667 876 734 888 omnes
755 869 821 892 chara,
841 873 881 888 tum
896 870 948 894 apud
963 875 1017 888 meos
1037 869 1116 888 colenda

181 904 200 919 et
213 901 336 925 suscipienda
347 901 449 919 videretur.
464 900 574 919 Meminerit
586 905 604 919 et
615 901 668 923 illud,
680 904 773 925 quantum
787 900 888 919 Corczbok
901 900 924 919 de
936 906 962 923 se,
974 900 989 918 si
1004 906 1115 925 quenquam

180 931 249 955 alium,
268 932 358 950 meritum
373 938 419 950 esse.
434 931 544 950 Meminerit
558 937 609 955 rem,
629 932 652 950 de
667 937 703 956 qua
721 932 793 956 agitur,
814 938 856 950 eam
871 937 920 954 esse,
940 937 988 956 quae
1002 937 1045 950 mea
1059 931 1116 950 unius

180 963 281 981 voluntate
292 956 379 987 ‘transigi
393 963 435 981 sine
449 963 509 981 turbis
528 967 596 987 potest.
617 962 735 985 Meminerit,
755 963 770 980 si
786 963 832 987 quid
851 967 887 985 est,
907 963 959 987 quod
975 962 997 980 R.
1012 962 1078 980 Dtioni
1093 962 1116 980 V.

181 994 289 1019 displiceat,
305 994 376 1012 nullam
392 994 436 1012 huic
450 994 563 1012 Venerabile
578 993 689 1018 Capitulum
707 1000 784 1012 causam
799 994 883 1016 dedisse,
897 994 931 1012 sed
945 993 1026 1018 imperio
1041 997 1116 1011 tantum

182 1031 227 1044 meo
241 1024 332 1050 paruisse.
348 1024 462 1048 Meminerit,
477 1031 552 1043 causam
568 1025 651 1049 aliquam
666 1029 684 1043 et
699 1025 776 1050 quidem
791 1031 869 1050 gravem
884 1024 952 1047 fuisse,
971 1030 1008 1049 qua
1022 1024 1116 1043 adductus

182 1056 201 1075 id
217 1056 241 1074 de
256 1055 377 1074 Canonicatu
397 1055 484 1078 fecerim,
504 1056 556 1080 quod
577 1056 620 1079 feci,
640 1062 698 1080 quam
718 1062 794 1074 causam
809 1060 828 1074 et
842 1056 889 1074 olim
906 1056 987 1074 arbitror
1007 1062 1038 1074 me
1054 1055 1078 1074 ad
1093 1055 1116 1074 R.

182 1087 275 1106 Dtionem
290 1088 313 1106 V.
328 1087 459 1112 perscripsisse
475 1091 492 1106 et
507 1088 605 1112 copiosius
620 1087 711 1110 referam,
726 1087 759 1106 ubi
774 1087 815 1106 Deo
828 1087 888 1112 gratia
903 1087 1055 1105 convenerimus.
1076 1086 1116 1105 Me-

182 1119 261 1138 minerit
275 1123 384 1143 postremo,
399 1125 418 1137 se
433 1125 476 1137 eum
492 1125 540 1141 esse,
561 1119 594 1143 qui
609 1118 720 1137 universum
741 1118 828 1137 ordinem
850 1123 938 1137 nostrum
958 1118 987 1136 vel
1001 1118 1116 1137 conturbare

182 1154 248 1175 potest
261 1151 285 1169 ad
300 1154 403 1169 extremam
425 1150 555 1173 eversionem,
577 1150 606 1168 vel
626 1156 739 1168 conservare
753 1150 776 1168 ad
795 1153 908 1174 perpetuam
928 1149 1014 1168 salutem.
1037 1149 1066 1167 Ne
1086 1154 1117 1167 me

182 1181 242 1206 igitur
257 1187 337 1206 quaeso,
357 1188 380 1200 ne
395 1181 459 1199 Dnum
480 1181 591 1204 Corczbok,
611 1188 634 1200 ne
649 1181 762 1200 Venerabile
783 1180 894 1205 Capitulum
909 1185 948 1199 tam
963 1180 1032 1199 infesto
1052 1180 1117 1199 animo

183 1217 263 1237 tamque
283 1212 332 1231 mala
352 1213 411 1237 gratia
431 1216 482 1237 petat
498 1212 520 1231 R.
535 1212 580 1231 Dtio
595 1212 624 1235 V.,
639 1213 704 1231 audiat
723 1212 795 1237 potius,
815 1218 862 1236 quas
877 1216 895 1230 et
909 1218 967 1236 quam
987 1218 1054 1236 graves
1074 1211 1118 1230 facti

183 1244 268 1263 rationes
283 1244 395 1262 Venerabile
410 1243 521 1268 Capitulum
537 1244 555 1262 in
570 1244 628 1262 literis
642 1244 680 1262 suis
695 1247 826 1268 persequatur,
846 1249 877 1262 me
891 1243 948 1262 etiam
963 1243 1024 1268 ipsum
1040 1249 1116 1268 exspec-

183 1279 219 1298 tet,
240 1275 286 1299 quid
300 1275 336 1293 sim
357 1281 445 1299 praesens
460 1275 554 1299 praesenti
575 1275 665 1294 dicturus.
686 1275 764 1293 Differat
782 1280 822 1293 rem
836 1274 855 1292 in
870 1278 960 1293 mutuum
975 1278 993 1293 et
1007 1274 1117 1299 proximum

184 1312 310 1331 congressum
326 1310 420 1327 nostrum.
436 1306 468 1330 qui
483 1306 525 1324 Deo
537 1306 596 1331 gratia
610 1306 636 1324 ibi
646 1306 719 1329 cecidit,
735 1306 767 1324 ubi
782 1305 904 1324 commodior
914 1306 938 1324 ad
947 1312 988 1324 cam
1002 1312 1042 1324 rem
1055 1306 1117 1330 optari

184 1344 225 1356 non
246 1337 320 1362 potuit,
341 1343 403 1362 neque
421 1337 503 1362 patiatur
523 1337 624 1355 hominum
645 1337 791 1362 prophanorum
811 1337 887 1355 animos
900 1337 919 1355 in
934 1336 1038 1361 perniciem
1059 1340 1116 1361 atque

185 1369 284 1387 interitum
299 1373 387 1387 nostrum
405 1368 498 1391 intentos,
518 1369 541 1387 de
556 1373 621 1387 nostra
638 1369 688 1387 inter
702 1375 736 1387 nos
751 1367 846 1386 discordia
860 1368 949 1386 exultare.
970 1367 991 1386 ld
1005 1368 1020 1386 si
1035 1368 1079 1386 Dtio
1094 1367 1116 1386 V.

185 1400 208 1418 R.
224 1399 297 1422 fecerit,
312 1399 378 1418 faciam
394 1399 476 1418 vicissim
491 1406 535 1424 ego,
550 1406 579 1418 res
594 1404 614 1418 ut
629 1400 653 1418 ita
667 1403 807 1424 componatur,
827 1405 851 1417 ne
865 1399 894 1417 vel
909 1399 963 1417 Dnus
978 1399 1079 1417 Corczbok
1094 1399 1117 1417 de

185 1431 208 1449 R.
223 1430 295 1449 Dtione
310 1430 332 1448 V.
348 1434 457 1455 nepoteque
472 1430 538 1455 ipsius,
552 1430 581 1449 vel
596 1430 621 1449 illi
637 1430 660 1449 de
675 1431 730 1449 nobis
743 1431 785 1455 jure
800 1430 852 1455 queri
867 1436 924 1454 posse
938 1430 1045 1449 videantur.
1065 1430 1117 1448 Bene

184 1462 247 1480 valere
263 1461 354 1480 Dtiortem
369 1461 391 1480 V.
407 1461 429 1480 R.
444 1465 497 1486 opto.
513 1462 583 1480 Datum
598 1461 707 1485 Cracoviae,
723 1462 789 1480 ultima
803 1461 919 1480 Novembris
933 1461 1012 1480 MDLll.

211 1526 257 1546 793.
350 1527 463 1546 Mat-hiae
477 1527 565 1552 chki.
579 1527 738 1546 Caneellarlo
752 1527 954 1551 Archiepiscopi.

758 1574 874 1597 Cracoviae,
888 1575 916 1593 30
929 1574 1046 1594 Novembris
1060 1575 1117 1593 1552.

249 1609 321 1634 Scripsi
335 1610 381 1629 olim
396 1615 413 1629 et
428 1616 478 1629 nunc
498 1610 560 1629 scribo
575 1610 597 1629 R.
613 1610 657 1629 Dno
677 1610 828 1635 Archiepiscopo
842 1611 866 1629 ab
881 1617 942 1636 eoque
957 1615 1009 1635 peto,
1024 1615 1044 1629 ut
1059 1617 1116 1636 nego-

182 1642 233 1661 tium
246 1641 270 1660 de
282 1641 402 1660 Canonicatu
417 1641 546 1665 Cracoviensi,
555 1641 588 1667 qui
600 1645 628 1660 est
639 1641 677 1659 Dni
689 1640 797 1666 Corczbok,
809 1641 883 1661 differat
894 1642 914 1660 in
925 1642 1012 1668 proxima
1024 1641 1118 1669 Comitia,

221 1694 226 1705 ¹
248 1694 322 1709 Joenneo.
