1465 2093
484 200 623 214 amm-omnum
637 200 691 214 mum
697 209 701 218 ‚
716 200 823 214 Amisa-mx.
1081 201 1117 220 529

184 257 229 269 nem
245 251 370 274 Palczowski,
390 252 475 270 secundo
496 252 605 271 Generosos
620 252 755 270 Hieronimuni
771 252 879 274 Osolinski,
901 251 1061 276 Christopherurn
1076 252 1117 277 My-

182 282 286 305 szkowski,
302 282 414 307 Dapiferum
430 283 500 307 Regiae
516 283 625 307 Majestatis.
640 290 660 301 ac
673 283 732 301 filium
748 283 844 307 Magnifici
858 283 895 301 Dni
908 283 984 301 Martini
998 283 1118 305 Zoorowski,

183 312 266 331 Palatini
287 313 415 335 Calissicnsis,
436 318 454 332 et
468 314 523 332 tertio
538 320 583 332 vero
604 314 713 332 Generosos
728 314 843 332 stanislaum
863 314 982 336 Stadniczki‚
1002 314 1117 332 stanislaum

181 344 314 369 Myszkowski
329 351 350 363 ac
365 345 501 363 l-lieronimum
523 345 656 370 Philipowski,
678 345 709 369 qni
725 351 758 369 per
773 346 849 369 januam
870 346 909 363 sive
927 345 1020 363 minorem
1042 349 1117 369 portam

181 375 248 393 curiae
268 376 354 400 ejusdem
375 376 396 394 R.
413 376 450 394 l)ni
470 376 560 401 Episcopi
582 376 714 395 Cracoviensis
734 377 792 395 libere
813 377 914 395 veniebant
934 383 955 395 ac
970 376 1058 395 redibant
1079 376 1118 395 sive

181 407 305 429 recedebant,
321 411 339 425 et
352 407 383 425 alii
398 407 487 432 quilibet,
507 408 617 432 quicunque
632 408 731 429 volebant;
746 413 779 432 per
794 413 852 432 quarn
871 407 947 431 januam
964 407 1003 425 sive
1023 407 1118 426 minorem

180 442 259 462 portam
280 438 375 462 praefatus
395 438 497 457 Conradus
518 438 596 463 Crupek
617 439 660 457 illuc
675 439 746 463 ingredi
767 439 835 457 noluit.
857 439 911 461 Quos
931 439 1012 457 nuncios
1033 438 1117 457 Conradi

181 469 263 493 Krupek
283 470 369 494 ejusdem
384 470 407 488 R.
423 470 459 488 Dni
474 470 565 494 Episcopi
586 470 718 488 Cracoviensis
738 470 817 494 praefati
837 470 876 488 duo
896 470 997 488 servitores
1018 470 1048 488 hic
1067 470 1117 489 idem

180 506 226 519 cum
242 500 361 519 ministeriali
376 505 535 525 recognoscentes
550 507 571 519 ex
586 501 677 519 mandato
696 501 744 519 Suae
759 501 782 519 R.
798 501 856 519 Ptatis
871 501 894 519 ad
909 501 1002 525 judicium
1021 501 1066 519 illud
1086 501 1117 519 de-

180 531 281 550 ducebant
301 535 358 556 atque
378 532 499 550 reducebant.
524 532 578 554 Quae
598 533 701 556 praemissa
722 533 747 550 ita
770 537 809 551 acta
830 532 887 550 fuisse
908 532 991 556 ipsisque
1015 536 1118 556 protestata

180 569 230 585 esse,
247 567 408 587 recognoverunt,

207 658 254 678 855.
361 659 512 683 Capitulum
528 660 697 678 cracoviense
712 660 739 678 A⁴
754 660 920 679 Zebrzidovio
933 660 942 678 ¹.

821 714 937 736 Cracoviae,
952 715 978 732 27
993 714 1043 739 Maji
1060 715 1116 733 1⁵52.

246 755 320 774 Accidit
335 755 365 774 hic
376 756 417 774 heri
432 756 527 774 dolendus
543 756 598 774 nobis
612 756 702 774 omnibus
716 761 776 776 casus.
791 756 851 780 qualis
867 762 965 780 nunquam
981 756 1060 774 sortasse
1072 756 1117 774 alias

180 786 200 804 iu
215 786 301 805 Ecclesia
315 787 350 805 hac
365 791 428 805 nostra
444 787 534 805 accidisse
549 791 672 809 memoratur,
688 793 757 811 nempe
772 788 823 811 quod
839 787 857 805 in
873 791 924 806 tanta
941 787 1063 806 Ascensionis
1078 787 1116 806 Do-

181 817 265 836 minicae
279 818 378 836 festivitate
387 818 395 830 ‘1
409 818 477 836 Divina
490 818 546 836 Sacra
559 822 576 836 et
588 822 654 837 cantus
668 818 718 836 soliti
730 824 770 836 non
782 818 852 836 fuerint
866 818 961 837 celebrati.
975 818 1018 837 Fuit
1028 818 1046 836 in
1059 824 1116 837 causa

181 849 308 868 Hieronimus
323 849 442 872 Ossolinski,
457 850 489 874 qui
505 844 561 868 trino*
570 849 654 868 fortassis
669 849 770 868 interdicto
785 850 810 867 ob
825 854 901 874 raptum
916 850 1033 868 decimarum
1054 850 1115 868 diver-

180 880 206 899 sis
218 881 306 905 personis
320 881 445 899 commissum
458 881 561 899 innodatus
576 881 663 903 existens,
676 881 771 905 ingressus
782 885 810 899 est
822 881 903 899 chorum
918 881 1012 899 Ecclesiae
1024 882 1048 899 ab
1060 881 1115 899 initio

181 912 259 930 Summi
274 912 326 930 Sacri
341 916 397 937 atque
412 912 489 930 tandem
504 912 586 930 avisatus
600 918 610 930 a
625 912 669 930 Dno
687 912 811 935 Suffraganeo
821 912 828 923 ¹¹³
846 916 864 930 et
879 912 923 930 Dno
938 912 1047 931 Boratinski
1062 912 1116 931 Vice-

182 943 291 967 capitaneo,
306 946 328 961 ut
340 943 403 962 locum
417 943 469 962 daret
484 943 585 961 Sacrificiis
599 943 698 967 abiretque
713 949 734 961 ex
747 943 837 964 Ecclesia,
852 943 956 968 respondit,
971 949 990 962 se
1004 950 1043 962 non
1058 944 1117 962 modo

182 980 222 992 non
237 974 372 997 discessurum,
387 975 420 993 sed
435 980 532 993 sessurum
548 974 572 992 ibi
589 980 649 998 usque
664 974 687 992 ad
703 980 813 998 vesperam,
828 978 860 992 aut
874 980 934 998 usque
949 974 1028 999 quando
1048 980 1116 993 omnes

181 1006 205 1024 ad
220 1011 282 1024 unum
296 1005 386 1024 homines
400 1010 419 1024 et
433 1006 544 1030 praesertim
559 1005 667 1030 Presbyteri
683 1005 757 1029 priores
772 1011 781 1023 e
794 1005 865 1029 templo
879 1005 967 1028 abierint,
982 1010 1021 1024 tum
1037 1006 1115 1024 demum

182 1042 202 1055 se
216 1042 296 1061 quoque
316 1037 443 1055 discessurum
459 1043 503 1055 esse.
525 1037 590 1061 ltaque
608 1040 680 1054 tantam
701 1036 785 1054 hominis
806 1036 937 1061 importunam
957 1037 1083 1056 temeritatem
1098 1040 1116 1055 et

182 1068 319 1086 obstinentiam
339 1072 403 1086 secuta
422 1072 449 1086 est
463 1074 473 1086 a
490 1068 562 1086 Divinis
582 1068 670 1088 cessatio:
690 1068 734 1085 Dno
755 1067 880 1092 Sum-agonen
900 1068 923 1086 ab
941 1068 994 1086 altari
1016 1068 1115 1086 recedente

182 1099 305 1117 discessimus
319 1105 355 1117 nos
369 1105 447 1123 quoque
462 1105 529 1117 omnes
543 1099 600 1117 simul
615 1103 633 1117 et
647 1103 711 1117 coetus
727 1098 797 1116 Christi
813 1098 907 1119 fidelium.
922 1105 962 1117 non
977 1099 1017 1117 sine
1032 1099 1115 1117 maximo

182 1134 248 1153 motu,
268 1136 376 1152 murmure,
397 1130 487 1149 scandalo
507 1134 525 1148 et
540 1130 671 1148 maledicentia
686 1129 805 1154 improbitati
825 1130 915 1148 hominis.
938 1130 974 1148 Hic
995 1130 1017 1148 R.
1033 1129 1078 1148 Dtio
1092 1129 1114 1149 V.

182 1161 234 1186 apud
248 1167 268 1180 se
283 1162 378 1186 expendat
392 1162 463 1180 fructus
479 1167 539 1179 novae
558 1161 612 1179 istius
632 1161 739 1185 religionis,
755 1165 773 1179 et
787 1167 836 1185 quae
850 1161 875 1179 sit
888 1161 967 1179 istorum
982 1161 1052 1185 pietas,
1066 1167 1115 1185 quae

183 1193 202 1211 in
218 1192 280 1211 Deum
293 1196 311 1211 et
323 1193 422 1217 proximos
437 1192 523 1215 charitas,
538 1196 558 1210 ut
570 1192 585 1210 is
600 1192 703 1216 malignam
718 1192 773 1210 istatn
787 1198 841 1210 suam
855 1192 973 1216 impiamque
988 1192 1114 1210 temeritatem

182 1224 284 1242 hominurn
305 1224 415 1248 praetulerit
434 1224 509 1248 pietati,
530 1223 627 1247 victorque
643 1223 661 1241 in
677 1223 724 1241 male
740 1229 822 1248 nequam
847 1224 931 1242 evaserit.
955 1224 1028 1242 Revera
1044 1229 1064 1241 ea
1079 1229 1115 1246 resy

182 1260 230 1279 quae
251 1261 294 1273 cum
310 1254 344 1273 Dei
365 1255 443 1273 Maximi
463 1254 537 1279 Optimi
558 1254 626 1278 injuria
641 1258 659 1272 et
673 1260 716 1272 cum
738 1254 851 1278 indignitate
871 1255 927 1273 etiam
948 1255 1049 1273 hominum
1071 1260 1115 1273 con-

181 1286 246 1311 juncta
260 1289 295 1309 est,
309 1292 348 1304 non
363 1290 426 1310 potest
446 1286 501 1304 nobis
516 1292 554 1304 non
573 1285 707 1303 molestissima
722 1291 768 1303 csse.
790 1285 854 1307 Quare
869 1292 959 1310 rogamus
980 1286 1069 1304 Dtionern
1084 1285 1114 1307 V.,

182 1316 272 1341 dignetur
286 1320 358 1335 tantam
373 1317 457 1335 hominis
472 1317 525 1335 istius
540 1317 685 1341 improbitatem
701 1316 719 1334 S.
735 1316 757 1334 R.
773 1316 827 1334 Mtati
842 1321 859 1334 et
874 1317 940 1334 ceteris
956 1317 1016 1340 Regni
1031 1316 1114 1340 proceri-

182 1348 217 1366 bus
232 1348 358 1370 denunciare,
378 1348 474 1372 simulque
489 1348 567 1372 aliquod
587 1347 692 1365 remedium
708 1351 774 1365 contra
789 1347 883 1371 ejusmodi
899 1348 957 1368 mala,
978 1353 1001 1365 ne
1016 1347 1035 1365 in
1050 1351 1114 1371 poste-

182 1385 223 1397 rum
238 1378 293 1401 fiant,
313 1379 413 1400 adhibere,
433 1379 462 1397 vel
476 1379 500 1397 ad
515 1379 578 1397 minus
598 1379 687 1397 mandata
702 1379 761 1403 Regia
776 1379 799 1396 ad
815 1379 901 1397 Iocorum
917 1379 1034 1403 Capitaneos
1054 1379 1114 1403 impe-

181 1413 236 1433 trare,
252 1413 273 1428 ut
284 1416 306 1428 ex
318 1409 382 1428 officio
397 1409 459 1434 aliqua
474 1410 492 1428 in
507 1410 553 1428 tales
568 1410 734 1428 animadversione
749 1409 870 1433 procedatury
885 1415 929 1427 nam
944 1409 1029 1433 alioquin
1050 1413 1114 1433 serpet

181 1441 218 1459 hoc
233 1441 306 1459 malurn
321 1445 340 1459 et
353 1441 377 1459 ad
392 1440 531 1465 frequentiores
545 1445 563 1459 et
577 1441 600 1458 atl
616 1440 733 1465 potentiores
748 1444 766 1458 et
779 1440 892 1464 nequiores,
908 1440 942 1458 nisi
958 1440 979 1458 iis
994 1440 1052 1458 initiis
1067 1444 1113 1458 tein-

180 1472 254 1497 pestive
268 1478 369 1491 occursum
384 1472 446 1490 fuerit.
470 1472 541 1490 lnterea
556 1472 644 1496 cupimus
659 1472 749 1490 Dtionem
764 1471 786 1489 V.
802 1471 824 1489 R.
840 1477 897 1495 quam
917 1471 1024 1489 felicissime
1040 1475 1058 1489 et
1072 1471 1113 1489 diu-

179 1503 254 1522 tissime
268 1503 330 1522 valere
344 1502 470 1525 incolumem,
492 1503 545 1527 cujus
560 1509 595 1521 nos
609 1503 680 1528 gratiae
700 1503 767 1521 iterum
783 1507 840 1527 atque
860 1503 928 1521 iterum
948 1503 1112 1521 commendamus.

178 1534 294 1558 Crncoviae,
309 1534 401 1558 postridie
415 1534 539 1553 Ascensionis
555 1534 633 1552 Domini
648 1536 670 1552 Α.
685 1534 770 1558 ejusdem
789 1535 843 1552 1552.

211 1639 217 1650 ¹
241 1638 290 1654 Liber
301 1638 364 1654 Archivi
376 1638 444 1658 Capituli
456 1638 498 1653 Eccl.
510 1638 551 1653 cath.
563 1638 612 1653 Grae..
629 1638 648 1652 lV
663 1637 695 1652 132.
711 1638 732 1652 Na
745 1637 770 1652 list
781 1641 807 1652 ten
819 1638 869 1652 niemn
885 1637 982 1657 odpnwiedzi
999 1642 1013 1652 w
1026 1637 1113 1657 korespow

241 1664 298 1685 dencyi
310 1664 469 1684 Zebrzydowskiego,
480 1663 500 1679 cf.
512 1663 541 1683 763
554 1667 569 1678 et
580 1668 615 1683 sqq.

209 1692 217 1703 Ι
243 1690 263 1706 26
275 1689 313 1710 Mn‘ri
326 1690 370 1705 1⁵52.
433 1690 440 1700 ³
455 1690 516 1705 Andrean
528 1690 573 1709 Spei.

241 1726 279 1739 A«.
288 1726 351 1739 εοιωιιι
359 1725 427 1742 mnu,
435 1726 498 1738 wau-1.
991 1715 1015 1739 67
