1465 2093
503 667 677 697 LECTURIS
695 667 878 697 SALUTEM!

220 801 234 822 ἕ
263 797 314 831 ..sn
328 808 430 830 secunda
442 807 569 830 editionum
581 807 646 836 serie,
659 815 716 837 quas
730 807 858 837 Collegium
871 807 1005 830 historicum
1018 808 1158 831 Academiae

223 833 297 874 '‘g-‘⁵’
315 850 432 872 literarum
450 849 611 871 Cracoviensis
634 856 716 878 parare
737 849 861 877 constituit,
885 849 937 871 huic
954 849 1081 872 collectioni
1103 849 1156 880 Epi-

215 894 335 915 stolarum
358 891 465 913 Andreae
487 890 679 920 Zebrzydowski,
697 890 806 920 Episcopi
828 890 1015 914 Vladislaviensis
1033 897 1054 914 et
1071 892 1156 914 Craco-

215 933 315 962 viensis,
335 933 436 962 primum
453 931 626 961 adsignavimus
644 933 727 955 locum.

287 976 355 1003 Quae
373 974 442 997 series
462 975 586 1002 „Actorum
604 973 764 996 historicorum
777 981 813 996 res
830 979 905 1004 gestas
917 974 1028 998 Poloniae
1043 975 1156 998 illustran-

217 1018 294 1040 tium*
316 1023 402 1039 nomen
414 1014 518 1042 habebit;
541 1020 603 1037 arcto
621 1015 714 1045 quidem
732 1015 824 1038 vinculo
841 1024 894 1038 cum
912 1016 1070 1039 Monumentis
1089 1016 1158 1039 medii

218 1059 273 1082 aevi
296 1059 425 1088 conjuncta,
448 1056 496 1079 aliis
518 1061 596 1079 tamen
619 1061 640 1079 et
662 1056 813 1086 amplioribus
830 1057 932 1080 terminis
958 1058 1157 1081 circumscribetur

219 1107 292 1131 atque
311 1108 338 1123 ea
355 1099 489 1127 continebit,
513 1106 573 1128 quae
589 1098 619 1121 ad
636 1098 747 1128 temporis
769 1098 869 1128 spatium
886 1099 939 1122 inde
956 1100 985 1122 ab
1002 1100 1065 1122 initio
1093 1099 1156 1129 regni

220 1142 366 1172 Sigismundi
389 1142 396 1163 1
415 1149 427 1163 e
444 1145 510 1170 gente
529 1139 669 1169 Jagellonica
691 1148 765 1170 usque
788 1140 817 1163 ad
841 1148 928 1163 annum
955 1142 1019 1170 1795,
1042 1148 1089 1171 quo
1113 1142 1157 1163 Po-

219 1185 284 1207 lonia
309 1183 401 1206 tertium
418 1182 491 1205 divisa
508 1187 550 1210 est,
568 1186 679 1211 spectant.
702 1181 850 1211 Excipientur
866 1189 922 1204 sane
940 1190 1017 1205 rerum
1040 1187 1156 1212 gestarum

220 1227 355 1256 scriptores,
373 1232 473 1255 quorum
491 1223 554 1246 libris
576 1223 671 1246 edendis
688 1223 782 1253 propria
799 1223 911 1252 collectio,
929 1231 988 1254 quae
1015 1224 1157 1254 „Scriptores

221 1276 302 1291 rerum
321 1266 498 1289 Polonicarum⁴⁴
517 1265 653 1294 inscribitur,
672 1265 776 1288 dedicata
793 1271 839 1292 est3
857 1265 900 1288 alia
916 1273 979 1301 vero,
998 1273 1058 1295 quae
1074 1266 1104 1289 ad
1122 1274 1158 1289 res

221 1315 300 1339 gestas
325 1309 417 1331 illorum
442 1313 573 1337 temporum
599 1307 745 1330 illustrandas
767 1307 852 1337 aliquid
877 1308 982 1330 conferre
1003 1307 1103 1337 possint,
1134 1313 1158 1331 ut

221 1354 288 1376 Acta,
307 1350 447 1380 Diplomata,
465 1350 581 1372 clarorum
598 1348 701 1371 virorum
720 1349 845 1379 Epistola,
863 1349 995 1372 Relationes
1012 1349 1156 1372 Nunciorum

223 1392 337 1415 Poloniae
359 1397 399 1414 aut
420 1396 566 1413 externarum
593 1390 705 1419 gentium,
731 1390 810 1413 Diaria
832 1391 970 1413 concionum
988 1396 1009 1414 et
1032 1391 1157 1420 bellorum,

222 1436 281 1457 haec
304 1433 383 1456 omnia
400 1433 423 1455 in
440 1433 474 1455 his
490 1431 647 1455 voluminibus
670 1432 804 1461 colligentur
821 1438 842 1455 et
859 1433 963 1455 edentur.
992 1433 1046 1461 Quo
1063 1432 1086 1455 in
1103 1440 1157 1455 con—

223 1477 274 1499 silio
292 1475 441 1505 exsequendo
458 1474 480 1497 id
493 1481 585 1503 semper
602 1474 741 1503 curabimus,
759 1479 783 1497 ux
801 1482 944 1504 unoquoque
960 1474 1079 1497 volumine
1090 1474 1158 1504 plura

223 1519 292 1541 simul
319 1516 559 1547 comprehendantur,
587 1523 647 1545 quae
669 1516 705 1538 vel
722 1515 752 1538 ad
774 1515 849 1537 virum
876 1515 975 1545 aliquem
1000 1515 1113 1544 insignem
1136 1520 1158 1537 et

224 1564 381 1590 praestantem
404 1558 542 1588 pertineant,
566 1562 605 1579 aut
622 1557 712 1586 longius
734 1557 844 1586 temporis
862 1557 961 1586 spatium
978 1556 1097 1580 illustrent.
1127 1557 1158 1579 lta

223 1602 319 1631 quidem
338 1600 395 1629 libri,
413 1599 452 1629 qui
469 1598 574 1629 proxime
591 1598 694 1626 edentur,
713 1598 828 1627 Epistulas
845 1598 951 1620 Stanislai
970 1598 1035 1620 Hosii
1047 1598 1157 1621 (jardina—

223 1644 259 1673 lis,
285 1642 397 1673 Episcopi
417 1640 568 1669 Varmiensis,
595 1645 616 1662 et
638 1647 674 1662 res
696 1645 771 1669 gestas
792 1639 889 1662 Joannis
912 1640 937 1662 lll
957 1639 1061 1662 Sobieski
1086 1639 1157 1662 conti-

221 1687 320 1709 nebunt.

283 1730 540 1745 *mammam-ui.
1035 1719 1041 1731 ¹
