1465 2093
574 209 712 223 Elâ€™lsromrmu
727 210 788 226 ulum.
802 210 909 223 APPEme.
1170 211 1207 229 497

274 262 368 279 sacerdos
387 262 410 280 ad
428 262 485 279 altare
505 261 593 279 barbatus
609 265 626 279 et
640 267 662 279 ex
677 261 770 280 humerali
785 261 883 286 Sacroque
904 262 968 280 habitu
989 266 1079 286 tanquam
1100 262 1164 281 hircus
1178 267 1209 280 aut

275 298 335 310 ursus
350 292 433 311 hirsutus
448 296 505 316 caput
519 298 612 314 exserens,
628 299 661 311 nec
676 293 729 311 aliter
744 293 806 317 plane,
820 299 841 311 ac
856 293 871 311 si
886 293 928 317 quis
942 294 1009 317 lupum
1025 293 1150 312 muliebribus
1164 293 1210 311 velis

275 330 298 342 ac
315 324 431 342 redimiculis
445 324 532 342 adornet.
555 323 637 342 Provide
652 324 727 346 barbae,
746 324 803 342 simul
818 330 861 342 curn
877 324 976 343 Breviariis
990 324 1103 343 abbreviatis
1118 324 1157 343 istis
1172 324 1210 343 Ro-

276 355 348 376 manis.
363 355 387 373 ab
401 355 485 373 Ecclesia
500 355 573 373 Polona
588 355 718 378 eliminentur,
737 359 755 373 et
770 362 811 374 mos
829 356 903 379 priscus
923 356 1024 374 reducatur
1038 362 1059 374 ac
1074 356 1177 374 retineatur
1191 355 1209 373 in

276 386 368 404 Ecclesiis
383 386 468 404 Polonis.

342 417 408 440 Quum
429 417 502 435 Statuta
517 421 534 435 et
549 417 702 436 Constitutiones
723 418 741 436 in
760 418 849 436 Ecclesiis
869 418 1009 436 cathedralibus
1030 418 1138 442 disponant,
1158 418 1210 442 quod

277 448 373 467 Canonici
387 453 405 467 et
420 448 500 467 praelati
515 449 624 467 obtinentes
639 449 691 467 villas
706 455 727 467 ac
742 449 811 467 domos
830 449 949 473 capitulares,
970 449 1053 474 promoti
1069 449 1091 467 ad
1106 449 1210 473 Episcopa-

277 484 315 503 tus,
331 480 426 498 dimittere
441 480 518 498 easdem
533 480 585 498 villas
600 484 618 498 et
633 480 702 498 domos
716 479 810 504 Capitulis
824 480 904 503 debent,
924 484 943 498 et
956 486 1014 504 super
1028 480 1064 498 hoc
1079 480 1098 498 in
1112 486 1145 498 sua
1160 485 1211 498 rece-

277 511 347 535 ptione
361 511 430 535 jurant,
445 511 571 530 nihilominus
585 516 648 530 tamen
663 512 735 530 hiidem
751 512 787 529 Dni
802 511 895 530 canonici
908 512 1038 536 episcopandi,
1053 518 1112 536 quum
1125 512 1209 536 primum

277 536 350 560 dantur
364 542 390 560 eis
405 542 537 567 Episcopatus,
552 543 647 561 dimittere
662 543 738 561 easdem
753 543 805 561 villas
820 547 837 561 et
851 543 920 561 domos
935 543 985 561 nulla
1000 543 1073 561 ratione
1088 543 1163 565 volunt,
1177 543 1210 561 sed

277 579 326 591 mox
340 573 422 592 Romam
437 574 515 592 mittunt
534 579 577 592 cum
591 580 638 592 auro
654 574 735 598 petitum
749 581 759 592 a
774 570 842 592 talibus
856 574 967 598 juramentis
984 574 1132 597 absolutionem,
1152 580 1210 598 quam

277 608 344 622 tamen
359 605 499 623 absolutionem
513 605 625 623 solemniter
640 609 657 623 et
672 611 760 630 expresse
774 606 861 630 jurarunt
875 612 914 624 non
929 606 988 624 modo
1003 611 1042 623 non
1057 609 1122 630 petere
1137 612 1147 623 a
1162 605 1210 623 Sede

278 636 399 659 Apostolica,
410 636 443 654 sed
455 636 512 654 etiam
524 642 548 654 ne
560 636 645 654 oblatam
656 636 735 660 quidem
748 640 802 654 motu
815 637 894 661 proprio
906 637 1009 661 suscipere,
1021 643 1055 655 nec
1067 643 1088 655 ea
1100 637 1134 659 uti,
1146 641 1210 655 tamen

279 667 374 689 nituntur,
394 667 447 685 nihili
462 667 552 686 facientes
567 667 671 692 perjurium
687 667 734 686 illud
749 674 810 692 neque
825 668 850 686 ob
864 668 884 686 id
898 668 1036 686 conscientiam
1057 668 1114 686 ullam
1134 667 1210 686 habent.

278 697 351 722 Sicque
365 705 375 716 a
389 698 474 723 perjurio
489 699 611 723 auspicantur
625 699 753 723 Episcopatus
767 705 818 721 suos,
837 699 890 717 villas
904 699 967 723 itaque
982 703 1000 717 et
1014 699 1083 717 domos
1097 699 1209 723 capitulares

278 735 315 754 per
330 730 466 748 reservationes
485 730 583 749 Romanas
596 734 615 748 et
628 730 711 754 perjuria
731 734 835 754 occupant,
855 731 961 752 destruunt,
981 730 1112 749 conditionem
1127 730 1211 748 debitam

280 767 320 779 non
335 760 413 783 faciunt,
428 761 527 780 ltmetones
538 761 637 786 diripiunt,
651 761 740 785 spoliant,
755 762 903 786 depraedantur,
917 762 967 780 bona
982 762 1107 780 ecclesiastica
1121 768 1131 779 a
1145 761 1212 780 vicinis

280 798 320 810 non
336 796 418 815 tuentur,
433 792 481 810 fines
495 793 592 811 bonorum
607 799 617 810 a
632 792 698 811 vicinis
710 793 800 817 occupari
812 792 883 814 sinunt,
897 793 955 811 silvas
966 793 1076 814 excindunt,
1091 793 1109 810 in
1122 792 1212 811 domibus

280 829 326 841 vero
341 823 483 842 canonicalibus
495 823 561 842 fratres
575 828 593 841 et
607 823 654 841 alios
668 824 760 842 seculares
776 824 880 842 dissolutos
895 824 1022 848 hospitantur,
1037 824 1055 842 in
1070 824 1140 848 quibus
1152 823 1212 841 multa

280 854 416 873 abominabilia
432 858 543 879 patrantur,
562 854 651 879 Capitula
668 861 713 873 vcro
734 859 831 879 nequeunt
849 855 867 873 in
883 855 961 873 eosdem
981 855 1121 879 episcopandos
1135 859 1154 873 et
1167 855 1212 879 Epi-

281 892 352 910 scopos
371 889 462 910 tanquam
480 886 498 904 in
513 890 611 910 ex:mptos
630 886 787 907 animadvertere,
807 892 842 904 nec
862 892 895 904 eos
914 886 1016 910 corrigere.
1035 886 1091 904 ferrei
1111 886 1161 904 enim
1180 892 1213 910 per

281 917 357 935 titulum
372 917 501 941 episcopalem
516 916 630 939 efficiuntur,
645 921 724 941 peccant
739 917 816 941 impune
831 921 849 935 et
863 917 941 936 licenter
955 921 1014 942 agunt
1028 917 1100 940 onmia,
1123 923 1172 941 quae
1186 917 1213 935 eis

281 948 342 966 libido
356 948 441 970 suaserit,
462 952 520 972 prout
533 949 570 972 jam
585 948 604 966 in
619 948 706 972 plurimis
725 948 841 972 experientia
861 949 932 967 docuit.
958 949 994 967 Per
1008 954 1057 973 quos
1074 948 1152 973 quidem
1167 948 1213 966 tales

281 979 390 1004 Episcopos
404 985 436 997 seu
451 979 589 1003 episcopandos
604 979 686 1003 dignitas
700 980 738 1003 jam
753 979 868 1004 pontificalis
883 980 908 998 ita
921 979 979 1001 viluit,
994 983 1015 997 ut
1031 980 1068 1004 jam
1085 985 1155 998 nomen
1167 979 1212 1004 Epi-

282 1010 334 1034 scopi
349 1011 422 1034 probro
436 1010 529 1029 habeatur
543 1014 561 1028 et
575 1010 675 1028 universus
690 1011 739 1028 ordo
754 1011 890 1029 ecclesiasticus
908 1015 987 1035 propter
1001 1011 1043 1028 illos
1058 1011 1103 1029 ndio
1118 1011 1213 1029 immenso

282 1046 355 1060 aestuet
367 1042 418 1066 apud
430 1042 528 1060 seculares.
544 1042 573 1060 Ad
585 1042 726 1060 occurrendum
741 1042 798 1066 igitur
813 1042 856 1060 huic
871 1042 923 1060 mulo
937 1048 958 1060 ac
973 1041 1092 1066 improbitati
1107 1041 1212 1060 ferreorum

282 1073 395 1097 hujusmodi
410 1073 558 1097 Episcoporum,
577 1073 673 1097 agendum
689 1073 723 1091 erit
738 1074 762 1091 ab
776 1073 867 1091 omnibus
882 1073 976 1098 Capitulis
990 1073 1041 1097 apud
1056 1073 1173 1097 Episcopus,
1193 1077 1214 1091 ut

283 1104 381 1123 Statutum
396 1104 428 1122 fiat
441 1104 533 1129 synodale
548 1110 592 1122 cum
607 1104 731 1122 severissimis
751 1104 818 1128 poenis
839 1104 952 1128 pecuniariis
971 1105 1061 1122 adversus
1076 1104 1129 1127 tales,
1147 1104 1213 1128 hujus-

282 1136 336 1154 modi
353 1135 494 1154 absolutionem
508 1142 518 1153 a
532 1136 640 1159 juramento
660 1139 747 1159 petentes
762 1139 780 1153 et
794 1141 815 1153 ea
830 1139 911 1157 utentes,
930 1142 952 1154 ac
966 1139 986 1153 ut
1000 1142 1010 1153 a
1025 1135 1149 1154 Sanctissimo
1163 1135 1213 1153 Pon-

283 1166 333 1185 tifice
354 1171 435 1191 petatur,
454 1167 539 1185 adhibita
559 1167 615 1185 etiam
637 1167 696 1191 Regia
715 1167 849 1191 promotione,
869 1173 892 1184 ne
907 1166 953 1185 tales
972 1166 1112 1191 episcop-andos
1131 1166 1217 1184 absolvat

283 1198 307 1216 ab
321 1198 433 1222 hujusmodi
448 1198 562 1222 juramento,
581 1203 620 1222 quo
634 1204 674 1216 uno
688 1198 730 1216 solo
745 1198 822 1216 vinculo
836 1204 865 1216 res
880 1197 976 1216 humanae
990 1198 1009 1216 in
1024 1204 1059 1216 suo
1073 1201 1122 1216 statu
1136 1203 1213 1215 conser-

283 1234 358 1248 vantur.
383 1229 408 1247 Et
421 1229 472 1248 bulla
486 1236 496 1247 a
511 1229 593 1247 Surnmo
608 1228 700 1247 Pontifice
715 1235 773 1253 super
786 1229 823 1247 hoc
838 1229 955 1253 expediatur,
975 1229 1061 1253 impensa
1075 1228 1163 1247 omnium
1178 1227 1214 1246 Ca-

284 1261 397 1285 pitulorum.

347 1291 420 1310 Diebus
434 1291 485 1310 festis
499 1291 576 1310 dimi-iia
598 1298 641 1315 pars
656 1291 727 1309 Sacrati
743 1291 816 1309 Cantus
831 1291 849 1309 in
865 1291 941 1315 templis
960 1291 1014 1315 quasi
1029 1291 1077 1315 perit
1091 1291 1131 1308 sine
1145 1290 1214 1312 fructu,

284 1323 329 1341 dum
349 1322 456 1341 alternatim
476 1328 548 1346 organa
562 1327 580 1340 et
595 1322 665 1340 chorus
685 1321 768 1340 Cantum
789 1322 837 1340 inter
850 1328 869 1340 se
885 1322 998 1346 partiuntur.
1018 1325 1037 1340 et
1053 1321 1155 1340 dimidium
1174 1321 1215 1345 ejus

283 1354 369 1372 audienti
383 1354 456 1378 populo
470 1354 524 1378 quasi
538 1353 647 1375 sufferatur,
662 1353 766 1377 praecipue
781 1353 800 1371 in
816 1353 893 1377 â€žGloria
907 1353 926 1371 in
942 1352 1020 1371 excelsis
1034 1352 1095 1375 De0â€œ,
1110 1352 1129 1370 in
1145 1352 1215 1374 Prosis,

284 1385 368 1407 Patrem,
387 1384 473 1407 Sanctus,
492 1384 602 1409 Magnificat
616 1388 634 1403 et
648 1385 731 1409 hymnis,
751 1390 799 1409 quae
814 1385 860 1403 dum
876 1383 925 1402 intra
940 1384 1048 1402 canendum
1062 1389 1084 1401 ex
1098 1387 1140 1401 toto
1155 1387 1174 1401 ct
1187 1387 1214 1401 at-

284 1420 336 1434 tente
347 1416 458 1438 audiuntur,
473 1416 590 1434 audientium
603 1420 676 1434 mentes
688 1416 780 1434 suavitate
792 1422 861 1440 magna
873 1416 966 1434 delectant
978 1418 996 1433 et
1008 1417 1081 1433 mentes
1091 1415 1116 1432 ad
1128 1414 1215 1438 Superna

284 1447 361 1465 tollunt.
383 1447 467 1466 Proinde
480 1447 576 1465 videretur
590 1447 636 1465 haec
650 1447 746 1465 ordinatio
760 1447 845 1465 facienda
860 1446 879 1465 in
894 1446 988 1466 Ecclesiis.
1008 1450 1029 1464 ut
1043 1445 1072 1464 his
1086 1445 1170 1464 Canticis
1184 1451 1215 1463 or-

284 1484 357 1503 ganum
372 1484 411 1496 non
426 1478 571 1500 intermiscatur,
585 1479 619 1496 scd
633 1479 703 1497 chorus
718 1478 763 1496 hacc
777 1478 843 1496 omnia
858 1478 942 1496 humana
955 1483 1001 1496 voce
1013 1481 1076 1495 cantet
1087 1480 1105 1495 et
1116 1476 1215 1495 continuet

284 1510 304 1528 in
318 1513 366 1531 toto,
380 1515 451 1534 organa
465 1514 533 1528 sonent
547 1510 632 1531 demum,
647 1510 710 1534 primo
724 1510 772 1528 intra
788 1510 919 1534 Kyrieleyson,
935 1513 952 1527 et
967 1509 1016 1527 vices
1030 1508 1067 1526 illic
1078 1508 1159 1527 alternas
1171 1514 1215 1526 cum

284 1541 346 1560 choro
362 1540 450 1563 habeant,
470 1545 514 1565 post
529 1540 603 1559 finitum
619 1541 637 1559 in
653 1545 693 1559 toto
714 1540 792 1564 â€žGloria
807 1541 826 1559 in
841 1540 937 1561 excelsisâ€œ,
957 1540 1026 1558 dehinc
1043 1543 1087 1564 post
1103 1539 1215 1563 Epistolamâ€š

283 1576 330 1597 post
341 1571 415 1590 finitam
427 1572 513 1595 Prosam,
525 1576 569 1596 post
580 1571 661 1590 Sanctus
672 1578 705 1590 seu
718 1576 761 1596 post
772 1572 904 1594 elevationem,
922 1576 940 1590 et
952 1575 995 1595 post
1011 1570 1049 1595 â€žIte
1061 1570 1118 1589 missa
1130 1570 1169 1588 estâ´â€˜
1185 1576 1215 1588 or-

282 1609 334 1628 gana
349 1603 413 1622 locum
432 1603 515 1622 habeant
529 1609 550 1621 ac
565 1603 670 1622 modulatio
684 1603 722 1621 fiat.
749 1603 791 1621 Hoc
806 1603 856 1621 enim
874 1603 934 1621 modo
949 1602 1050 1621 habebitur
1064 1602 1082 1620 in
1097 1602 1150 1620 lucro
1163 1605 1217 1619 totus

281 1641 306 1653 ac
321 1635 396 1659 integer
409 1634 481 1653 Cantus
495 1634 526 1653 ille
541 1634 621 1653 Divinus
635 1640 656 1652 ac
670 1635 772 1658 angelicus.

349 1665 438 1684 Bannitio
452 1665 621 1684 ecclesiasticarum
637 1671 772 1689 personarum,
791 1666 831 1689 jure
846 1665 941 1684 utentium
956 1665 1051 1688 Romano,
1071 1670 1111 1682 non
1124 1663 1175 1686 saris,
1196 1667 1216 1681 ut

280 1703 338 1716 nuuc
351 1700 440 1721 apparet,
453 1696 541 1721 prudenti
556 1696 636 1715 consilio
651 1696 735 1715 instituta
748 1697 802 1714 initio
816 1696 856 1719 fuit,
871 1702 920 1720 quae
931 1696 994 1718 latius,
1008 1701 1066 1720 quam
1081 1701 1115 1719 par
1128 1698 1162 1716 est,
1176 1694 1215 1712 virn

349 1737 383 1750 aa
390 1736 454 1750 roto-tn
461 1737 531 1753 mnu,
538 1738 582 1749 mnu
590 1737 602 1749 Î¹.
1094 1727 1118 1750 â¶3
