1465 2093
552 204 692 219 netsrommm
707 204 767 223 unm,
781 205 838 219 nm.
1126 200 1162 224 ²95

264 257 316 276 :cibus
330 257 463 282 praesentibus
475 257 486 280 ¹,
501 257 520 275 id
532 257 557 275 ita
572 260 633 276 ratum
649 257 713 275 haberi
728 263 811 281 aequum
827 261 861 280 est,
870 249 894 275 ‘ut
908 263 947 275 non
962 257 1021 276 modo
1036 257 1117 276 convelli
1131 261 1163 276 aut

264 288 350 312 >esseut-i,
370 288 403 307 sed
417 288 510 307 infirmari
530 288 586 307 etiam
602 294 723 313 nequaquam
738 294 794 312 posse
808 288 900 306 videatur.
921 288 980 310 Quod
994 288 1010 307 si
1025 288 1073 307 forte
1093 292 1163 313 posset,

264 326 284 338 ine
296 324 358 338 tamen
372 319 464 344 cogitatio
478 320 544 339 abesse
559 320 626 344 procul
639 319 704 343 debet,
719 319 773 338 valde
788 319 835 338 mihi
849 319 937 344 profecto
951 326 972 338 ea
987 326 1016 338 res
1029 324 1047 338 et
1061 320 1162 339 vehemen-

264 351 323 370 rsoeta
343 355 400 375 atque
423 357 530 376 praegnans
549 351 650 369 videretur.
675 350 724 368 Nam
740 354 760 369 ut
774 357 836 369 meam
857 350 916 375 ipsius
937 351 1064 375 ignominiam
1086 351 1163 369 interim

264 388 311 405 nam,
325 388 373 407 quae
388 382 434 401 mihi
449 386 513 401 tamen
528 383 582 404 bene,
598 386 619 400 ut
632 381 710 406 opinor,
724 382 748 400 de
763 382 784 400 V.
800 382 858 400 Mtate
873 385 891 400 et
909 382 1013 406 Republica
1033 382 1102 401 merito
1121 388 1163 407 gra-

264 413 369 432 :efferenda
384 418 441 432 esset:
464 413 503 438 ipsa
518 413 548 432 illa
564 413 666 438 indignitas
681 413 703 431 V.
719 412 738 431 S.
752 412 825 435 Mtatis,
848 418 898 437 quae
917 413 943 431 illi
963 413 999 432 hoc
1020 413 1069 432 sacto
1088 419 1163 432 summa

264 450 291 469 que
303 445 418 463 incredibilis
432 449 571 470 aspergeretur,
585 448 626 463 tum
641 444 761 468 contemptio
779 448 837 468 atque
851 444 955 462 ludibrium
975 445 1058 463 duorum
1077 451 1163 463 summo-

266 482 279 494 σι
291 476 380 499 virorum,
394 482 478 501 quorum
492 476 539 494 alter
549 476 556 488 Ἰ
576 476 595 494 ἱη
610 482 674 494 meum
684 476 697 498 ³,
711 475 758 494 alter
767 475 774 487 ⁴
788 475 807 493 in
822 475 862 500 ejus
876 475 930 494 istius
944 475 1021 494 alterius
1035 476 1099 494 locum
1110 476 1118 488 ⁵
1136 480 1163 495 est

264 507 351 531 signatus,
365 511 464 532 postremo
479 507 576 525 frustratio
591 506 688 525 electionis
699 507 706 519 ὓ
725 510 743 525 et
757 506 892 531 postulationis
903 506 909 518 ⁷
929 506 988 525 totius
1003 506 1084 531 Collegii
1099 506 1163 525 Cano-

264 544 319 556 corum
339 538 506 561 Cracoviensium,
526 538 572 557 haec
587 538 622 556 ista
639 538 728 562 inquam,
748 541 819 562 quanta
839 543 910 562 quaeso
931 544 971 556 esse
986 542 1004 556 et
1018 544 1076 562 quam
1095 538 1163 556 acerba

264 569 292 587 :leri
305 570 403 588 deberent.
424 569 472 588 Illud
487 576 532 588 vero
547 569 602 588 etiarn
621 567 678 593 quid?
698 575 757 593 quum
773 575 840 587 omnes
854 568 918 587 omnis
932 569 1006 593 generis
1026 569 1163 593 exspectativae

271 601 354 625 proximis
366 600 538 619 Petricoviensibus
552 600 641 619 Comitiis
656 606 694 618 una
708 600 795 619 omnium
810 600 900 619 ordinum
916 600 1013 619 voluntate
1028 600 1082 625 une
1099 601 1164 619 Mtatis

264 632 349 655 tensioney
369 632 433 650 irritae
447 636 492 650 sunt
507 632 576 655 factae,
596 636 667 656 quanta
682 638 716 656 per
730 631 793 650 Deum
807 631 938 650 immortalem
958 638 996 650 non
1011 632 1049 656 jam
1069 632 1116 650 mihi
1131 636 1164 651 aut

264 662 272 685 i,
283 667 310 681 aut
324 663 357 682 uni
372 663 455 688 cuipiam
471 669 570 687 personae,
584 663 617 681 sed
632 663 730 681 universae
745 662 876 687 Reipublicae,
894 667 912 681 et
927 668 984 687 quarn
998 667 1074 682 aeterna
1089 663 1163 682 macula

264 698 345 717 ureretury
359 694 375 713 si
389 700 426 719 qua
442 694 567 719 exspectativa
582 694 601 712 in
616 700 635 713 re
650 698 688 712 tam
702 694 799 718 praeclara
813 698 891 718 tamque
904 694 957 718 gravi
972 693 1078 713 obtineret?
1098 698 1116 713 et
1129 694 1163 719 qui

264 725 293 748 lor,
306 731 384 750 quaeso„
399 729 417 744 et
431 730 514 750 quantus
528 725 552 743 ad
565 725 613 744 Rem
628 725 689 750 ipsam
704 725 800 749 publicam
816 725 929 749 perveniret,
944 725 959 743 si
971 726 997 744 ob
1009 726 1065 744 unius
1079 725 1163 744 hominis

265 756 355 780 piditatem
370 757 427 781 Regis
441 757 531 779 edictum,
547 756 628 775 Senatus
642 756 739 778 consulta,
754 756 874 780 plebiscitum
889 756 947 775 totius
961 756 1049 775 voluntas
1064 761 1083 775 et
1096 763 1163 776 sensus

264 788 354 813 :ipublicae
374 787 547 813 perfringerentur?
568 788 633 813 ltaque
648 787 695 806 mihi
712 788 793 806 alterum
814 787 894 806 istorum
915 794 954 806 non
969 787 990 806 fit
1004 788 1114 807 verisimile:
1134 788 1164 807 vel

264 813 296 837 uim
310 819 454 842 Czarnkowski,
469 819 568 837 hominem
583 825 621 838 non
636 819 730 844 ineptum,
745 823 783 837 tarn
799 819 857 837 fuisse
871 819 1021 843 imprudentem,
1036 823 1057 838 ut
1071 819 1164 839 anthane

264 850 354 874 vipublicae
369 851 497 874 voluntatem,
518 856 567 875 quae
582 851 657 875 publica
673 850 706 869 fuit
721 850 740 868 in
755 850 855 873 comitiis,
870 850 972 875 ignorarit,
987 855 1019 869 aut
1033 857 1093 875 quum
1108 851 1163 876 igno-

264 885 291 904 'et‚
304 882 406 900 adversum
421 887 441 900 se
456 886 519 900 tamen
534 882 560 900 illi
575 888 674 906 opponere
689 881 780 904 voluerim
798 882 827 899 vel
842 882 864 900 V.
878 881 957 900 Mtatem
972 885 990 900 et
1004 888 1049 900 suae
1069 882 1163 901 existima-

265 912 289 931 nis
299 916 317 931 et
329 912 454 937 Reipublicae
468 913 573 937 diguitatis,
585 916 604 931 et
615 913 721 931 autoritatis
731 913 842 931 Marschalci
851 913 880 931 sui
893 917 911 931 et
922 912 967 931 fidei
976 917 1033 937 atque
1042 913 1163 932 servitiorum

264 950 305 962 irurn
321 950 417 966 meorum,
436 948 454 962 et
468 944 548 963 honoris
562 944 645 963 duorum
660 950 748 963 meorum
766 944 882 968 collegarum
897 948 915 962 et
930 944 1034 963 honestatis
1054 944 1163 963 Canonicu-

264 982 275 994 n
294 975 450 995 Cracoviensium
465 980 504 994 tam
519 976 560 994 fore
580 976 725 999 immemorem,
744 979 766 994 ut
779 975 825 994 haec
840 975 905 994 omnia
923 975 979 994 unius
999 975 1082 994 hominis
1100 982 1163 999 causa,

266 1007 339 1031 quidem
360 1007 423 1025 minus
441 1013 502 1031 aequa
520 1007 635 1031 posthabere
655 1007 747 1025 videatur.
767 1006 789 1025 V.
805 1006 883 1025 Mtatem
899 1006 918 1025 S.
933 1013 987 1031 rogo,
1002 1007 1037 1029 vel,
1052 1013 1076 1025 ne
1090 1007 1162 1031 privata

264 1044 271 1055 ι
283 1038 386 1062 cupiditate
400 1038 444 1056 duci
459 1038 531 1060 videar,
552 1044 586 1062 pro
601 1037 665 1056 officio
685 1044 728 1056 meo
743 1037 842 1056 Senatoris
861 1038 966 1060 admoneo,
986 1041 1007 1056 ut
1026 1037 1071 1056 Dno
1091 1038 1162 1057 Czarn-

264 1069 315 1092 wski,
336 1069 368 1094 qui
383 1075 403 1087 se
421 1069 444 1087 de
459 1070 481 1087 iis
496 1070 552 1088 rebus
569 1070 592 1087 ad
608 1069 630 1087 V.
651 1070 728 1087 Mtatem
749 1069 786 1093 jam
807 1069 901 1092 retulisse,
924 1069 1005 1087 necdum
1025 1069 1049 1087 ab
1063 1075 1084 1087 ea
1099 1073 1162 1088 tamen

265 1106 344 1124 ponsutn
358 1101 454 1125 accepisse
469 1100 520 1123 dicitv
535 1101 656 1125 respondeat,
671 1100 686 1118 si
701 1106 723 1118 eo
738 1105 815 1119 ventum
831 1100 892 1123 fuerit,
907 1104 964 1124 atque
979 1100 1063 1123 mandet,
1078 1106 1101 1119 ne
1115 1100 1162 1125 quid

265 1132 307 1155 leat,
326 1132 380 1156 quod
394 1132 418 1150 ad
432 1131 575 1156 infringendam
590 1132 611 1149 V.
627 1131 691 1150 Mmtis
707 1131 773 1154 istam,
793 1137 841 1156 quae
859 1131 905 1149 mihi
920 1135 947 1149 est
962 1131 1019 1153 facta,
1039 1131 1163 1150 donationem

264 1163 325 1181 *tinere
345 1169 426 1188 quoquo
440 1164 500 1181 modo
514 1163 610 1186 videatur,
631 1169 677 1181 neve
692 1169 731 1181 uno
745 1167 802 1187 atque
822 1162 890 1181 eodem
905 1162 955 1181 facto
969 1167 987 1181 et
1001 1163 1024 1181 V.
1039 1163 1093 1181 Mtati
1113 1163 1162 1181 indi-

264 1194 306 1213 tatis
320 1198 339 1213 et
356 1194 480 1219 Reipublicae
498 1194 578 1217 doloris,
593 1198 611 1212 et
625 1194 672 1212 mihi
686 1194 793 1212 acerbitatis
810 1198 867 1218 atque
882 1193 999 1218 ignominiae
1014 1197 1078 1212 notam
1093 1194 1162 1213 inurat.

265 1229 301 1244 tutu
316 1225 426 1249 Volboriae,
440 1225 464 1244 Vl
480 1225 578 1244 Februarii
593 1225 663 1243 MDLI.

264 1302 301 1323 580.
649 1303 747 1323 Eidem.

839 1350 947 1374 Volboriae,
962 1351 975 1369 9
988 1350 1093 1370 Februarii
1107 1351 1162 1370 1551.

293 1387 358 1406 Multis
373 1391 391 1406 et
405 1387 480 1412 magnis
494 1387 555 1406 causis
572 1387 658 1406 adducor
671 1387 695 1406 ad
710 1387 887 1406 commendandum
905 1387 1004 1412 negotium
1024 1387 1103 1412 Georgii
1117 1387 1163 1413 Fer-

264 1418 280 1441 τί,
292 1419 336 1437 civis
350 1418 477 1441 Gedanensis,
491 1418 514 1437 V.
526 1418 580 1437 Mtati
593 1418 612 1437 S.
627 1418 676 1436 Natu
689 1422 707 1436 et
719 1418 789 1437 familia
803 1418 853 1437 illius
868 1418 992 1443 Reipublicae
1006 1422 1063 1443 atque
1077 1418 1162 1437 nominis

265 1448 318 1468 lonici
331 1456 408 1475 semper
420 1449 455 1468 fuit
466 1449 587 1474 singulariter
601 1449 691 1472 studiosa,
703 1453 722 1468 et
732 1453 797 1468 nostra
809 1449 847 1468 fere
860 1449 953 1468 memoria
966 1454 1020 1474 pater
1031 1450 1090 1474 ipsius
1102 1455 1163 1474 quum

272 1543 276 1553 ¹
293 1543 345 1559 Tnkze
362 1544 426 1564 wcdtug
440 1543 553 1563 Gbrnickiego,
570 1543 580 1558 l.
591 1548 610 1561 c.,
624 1547 651 1558 str.
667 1547 685 1563 27
698 1543 701 1558 i
716 1548 746 1561 nn,
763 1543 845 1563 przyrzcld
861 1544 896 1558 krol
911 1548 930 1558 na
944 1543 1073 1564 przedstawienie
1090 1548 1163 1564 prymen

294 1570 441 1590 Dzierzgownkiego
452 1570 550 1590 biskupstwo
562 1569 661 1584 krakowskie
673 1570 832 1589 Zebrzydowskiemu
845 1570 912 1590 pndczas
926 1570 980 1588 zianlu
992 1569 1083 1585 senatorfiw
1095 1574 1114 1585 na
1126 1574 1162 1585 uro-

294 1596 363 1616 ezysmid
375 1595 444 1611 zloienia
456 1596 505 1611 holdu
517 1596 584 1610 krdlowi
596 1600 642 1615 przez
655 1595 711 1615 ksiecia
723 1595 807 1616 pruskiego
817 1596 820 1610 i
830 1596 877 1616 prted
889 1596 985 1616 koronacyjq
993 1595 1066 1616 Barbary,
1076 1599 1086 1611 t.
1095 1596 1105 1615 j.
1114 1596 1162 1616 przed

294 1626 301 1642 7
314 1622 380 1642 grudniz
392 1627 404 1637 r.
418 1621 462 1637 1550.

272 1646 277 1657 ¹
293 1648 360 1663 loannes
371 1647 487 1667 Drobokwski,
499 1648 588 1668 Episcopus
599 1647 703 1663 Chelmensia.
767 1648 774 1658 ¹
788 1648 934 1663 Vlndislaviemem.

272 1674 277 1683 ¹
293 1675 360 1690 lacobus
373 1674 457 1689 Uelia-isti.
519 1674 526 1684 ⁵
541 1674 657 1689 Chelmensem.
721 1674 728 1685 Ι
743 1679 761 1689 22
773 1674 865 1689 Decembris
879 1674 922 1694 1550,
936 1673 955 1690 cs,
967 1674 1080 1695 Appendicem.

273 1698 277 1709 ³
295 1700 312 1716 ’Β
324 1700 416 1716 Decembris
430 1700 474 1716 1550,
485 1700 505 1715 cf,
517 1700 630 1720 Appendiccm.
