1465 2093
556 200 697 216 mmmm
710 201 772 219 mm,
785 200 843 215 unm.
1132 201 1167 221 3¹3

259 254 323 278 argatio
338 253 411 272 institui
425 253 516 278 potuerit,
530 259 593 278 neque
607 254 670 277 video,
685 259 719 272 cur
733 253 778 272 haec
793 259 835 271 mea
849 253 898 271 ratio
912 252 1011 271 molestior
1025 252 1092 278 cuique
1107 253 1167 272 videri

259 286 312 308 cheat,
332 291 392 310 quam
407 285 443 303 fuit
456 285 488 303 illa
502 285 604 308 omnibus,
625 291 662 310 qua
676 285 730 303 Dnus
745 284 881 303 Posnauiensis
895 284 1008 303 Palatinus¹
1023 284 1115 309 proximis
1130 284 1170 303 Co-

258 317 310 335 iitiis²
324 321 351 335 est
366 322 418 339 usus,
433 322 471 341 qua
485 316 543 335 etiam
557 322 600 335 suas
615 316 674 341 ipsius
688 316 754 335 laudes
768 316 801 334 diu
814 316 936 341 multumque
951 322 1104 335 commemorare
1117 316 1169 335 visus

259 352 275 366 st.
287 348 357 370 Restat,
369 351 391 366 ut
402 347 470 372 petitio
482 347 522 372 ipsa
535 347 599 372 iniqua
612 347 673 366 fuerit.
689 349 715 366 At
727 353 784 366 nemo
796 347 833 365 hoc
846 347 896 366 dicet
907 347 984 372 opinor,
1002 353 1046 365 nam
1058 353 1068 365 a
1080 347 1170 366 fratribus

258 379 339 402 ¹ustulare,
353 379 450 404 dignitatis
462 385 507 397 suae
519 379 584 397 haberi
597 379 698 402 rationem,
713 379 759 404 quid
771 385 805 403 per
817 379 881 397 Deum
892 378 962 397 habere
978 382 1042 403 potest
1052 377 1168 403 iniquitatis?

259 410 278 429 lic
288 417 327 435 ego,
342 411 375 435 qui
390 410 456 429 omnia
470 417 481 429 a
497 410 520 429 V.
534 410 581 429 Mtia
598 410 685 433 libenter,
699 414 720 429 ut
731 410 776 433 dixi,
791 410 871 435 accipio,
885 416 957 435 quaero
976 416 997 429 ex
1013 409 1051 433 illa,
1065 416 1090 429 an
1108 416 1169 435 quum

258 442 283 466 'uis
294 442 311 460 in
325 448 356 460 me
371 448 421 466 quae
440 441 502 460 voluit
520 442 597 463 dixerit,
612 442 658 460 mihi
680 448 729 466 quae
746 448 795 466 opus
810 445 844 465 est,
859 441 921 460 dicere
936 447 976 460 non
989 440 1065 460 licebit?
1084 447 1109 460 an
1123 447 1169 460 vero

260 473 296 492 uivis
309 474 332 492 de
345 473 486 492 existimatione
501 479 543 492 mea
557 473 657 492 detrahere
671 479 783 492 concessum
797 477 836 496 est,
854 473 901 491 mihi
915 473 964 491 hanc
978 472 1071 491 sustinere
1085 478 1106 491 ac
1121 472 1170 491 tueri

258 510 281 522 ion
292 508 316 523 est
330 503 456 522 concessum?
471 504 523 527 Quid
537 504 552 523 si
567 505 597 529 (ut
610 504 663 523 furor
677 504 698 522 fit
709 504 759 523 laesa
773 504 850 529 saepius
861 503 960 529 patientia)
976 503 1098 522 maledictum
1110 504 1168 522 male-

258 535 290 554 licto
303 534 426 554 retudissem?
440 536 475 554 sed
486 536 579 560 majorem
592 535 639 554 mihi
653 536 749 560 gravitatis
762 542 821 559 mene,
836 541 894 560 quarn
906 535 980 554 doloris
992 535 1085 553 rationem
1097 535 1168 554 haben·

258 567 284 585 lam
296 567 365 591 putavi,
380 573 438 591 quam
453 567 566 591 gravitatem
580 567 595 585 si
610 567 652 591 quis
667 573 753 591 eousque
767 567 862 590 extendat,
877 570 898 585 ut
913 572 947 591 per
958 566 1009 585 illam
1022 566 1118 591 negligere
1132 572 1168 584 nos

258 598 344 622 ,ujusrnodi
359 598 382 616 de
397 598 453 616 nobis
470 604 568 618 sermones
586 598 655 616 debere
667 602 726 622 putet,
741 604 764 616 ne
776 598 792 616 is
805 598 860 616 nobis
873 604 908 622 pro
920 598 1011 622 gravitate
1029 597 1169 616 intolerabilem

260 630 363 654 trogantiam
383 629 487 648 induceret.
511 629 562 648 Dixit
576 629 664 654 quidum:
685 629 786 654 Ncgligere
800 629 847 654 quid
862 629 885 647 de
898 635 918 647 se
933 629 1015 654 quisque
1032 628 1108 652 sentiat,
1129 635 1168 647 non

258 660 299 679 olum
314 664 342 679 est
356 661 472 685 arrogantis,
492 661 525 679 sed
542 661 600 679 etiam
618 661 699 679 omnino
717 660 812 679 dissoluti.
835 660 888 679 Haec
902 660 925 678 de
938 660 1003 679 literis.
1026 660 1169 679 Possessionem

258 691 269 709 Ῑ.
279 692 330 710 Mtiae
344 692 410 710 denuo
425 692 516 716 assignari
531 692 584 717 quod
599 692 697 717 jusseram,
713 698 734 710 ex
749 692 835 710 ubertate
849 691 933 716 quadam
948 691 1019 710 amoris
1033 691 1053 710 id
1067 691 1111 716 feciq
1126 697 1169 716 par-

258 722 305 742 iamur
315 723 373 748 igitur
384 723 434 742 inter
445 729 486 746 nos,
501 729 536 748 ego
549 729 619 741 novam
632 723 688 742 istam
699 723 849 747 assignationem
865 723 904 742 tolli
916 723 994 747 jubebo,
1006 722 1029 741 V.
1041 722 1088 741 Mtia
1099 722 1170 741 amoris

258 754 278 772 aei
284 755 367 773 ubertate
379 755 398 773 in
410 754 477 773 ceteris
488 755 532 773 licet
543 754 622 777 fruatur,
634 754 793 773 Bolechovienses
804 755 811 767 ³
825 754 956 779 possessiones
969 760 1067 779 nunquam
1079 754 1169 779 cuiquam

258 785 288 808 edi,
298 785 419 804 Severienses
429 786 433 798 ¹
445 786 501 804 etiam
513 786 568 804 certis
580 786 725 804 conditionibus
737 786 787 804 dedi.
800 785 837 804 Hic
848 785 907 810 igitur
918 785 1012 810 praestitis
1024 785 1169 804 conditionibus

258 820 309 835 lutare
327 817 374 835 mihi
395 817 519 835 donationem
534 817 586 840 licet,
604 817 641 836 illic
656 823 695 835 non
710 821 793 840 mutare,
813 817 847 835 sed
862 817 915 841 quod
929 817 982 840 volo,
1002 816 1064 835 facere
1078 816 1134 840 mihi,
1148 820 1170 835 ut

258 851 292 871 ⁴110,
303 848 374 867 licebit.
391 848 417 866 lta
432 848 483 866 enim
501 848 549 871 dixi,
564 854 624 873 quum
639 849 662 866 de
676 848 699 866 iis
713 848 762 867 inter
776 854 812 867 nos
825 852 919 873 ageretur,
934 854 964 867 me
978 848 994 866 si
1009 842 1169 867 Bolechovienses

258 884 280 897 >se
291 885 351 898 carere
365 883 441 904 potero.
461 885 607 902 concessurum,
626 879 655 898 sin
670 880 739 902 minus,
760 883 888 903 retenturum;
909 879 1014 898 Severiensi
1034 879 1134 897 donationi
1148 885 1170 897 ea

259 910 328 935 dscripta
343 915 370 929 est
384 911 478 934 conditio,
492 910 565 929 licitum
579 911 626 929 mihi
640 917 717 935 semper
731 911 771 929 fore
788 917 830 929 cam
845 911 874 929 vel
889 911 970 929 aliarum
985 910 1127 935 possessionum
1139 910 1169 929 vel

258 941 324 965 tipendii
338 937 397 960 annui
412 942 516 960 donatione
531 942 630 961 redimere.
646 942 778 965 Quamobrem
791 943 806 960 si
818 942 918 965 redimam,
932 943 979 967 iure,
994 946 1014 960 ut
1029 942 1105 966 opinor,
1120 941 1169 960 redi-

259 978 294 995 um,
307 978 325 992 et
338 978 359 992 ut
373 973 506 998 redemptione
522 980 563 992 meu
577 978 678 992 contentus
692 974 722 997 sit,
737 974 769 998 qui
785 973 909 992 donationem
925 973 997 996 habuit,
1012 973 1100 996 efficiam,
1115 973 1168 997 quod

258 1003 277 1022 isi
288 1011 309 1023 eo
322 1005 396 1030 legibus
410 1005 488 1023 adactus
504 1005 567 1028 fuero,
587 1005 673 1023 fortassis
687 1011 726 1023 non
741 1005 840 1023 redimam.
861 1005 889 1023 De
904 1004 1047 1023 Olstinensibus
1058 1004 1064 1015 ⁵
1083 1003 1169 1022 decumis

258 1036 321 1058 ,ueritur
336 1036 357 1055 V.
373 1036 426 1059 Mna,
441 1040 462 1054 ut
475 1036 540 1055 scribit
554 1036 609 1055 Dnus
623 1036 748 1059 Slomowski,
766 1036 802 1055 sibi
817 1042 856 1054 non
871 1035 990 1060 responderi.
1016 1035 1057 1060 Ego
1071 1041 1116 1053 sane
1130 1035 1168 1060 jam

261 1066 310 1086 tidem
324 1067 422 1092 respondi,
437 1073 468 1086 me
483 1072 545 1086 ratum
560 1067 677 1090 habiturum,
692 1067 707 1086 si
722 1068 790 1086 iisdem
805 1067 949 1086 conditionibus
964 1073 995 1085 eas
1009 1073 1020 1085 a
1032 1073 1062 1085 me
1074 1066 1168 1089 habuerit,

258 1097 306 1121 ,uibus
320 1099 385 1117 habuit
400 1099 425 1123 is,
442 1099 474 1123 qui
489 1098 554 1117 habuit
568 1105 579 1117 a
593 1105 713 1123 praecessore
727 1105 776 1117 meo.
797 1099 853 1117 Nunc
868 1098 924 1117 venio
938 1098 962 1116 ad
976 1098 1057 1116 aliarum
1070 1097 1168 1116 literarum

259 1134 322 1148 learum
337 1130 477 1153 defensionem,
492 1136 552 1154 quum
567 1130 597 1148 vix
611 1130 635 1148 ab
649 1136 731 1149 unarum
746 1130 858 1149 defensione
873 1129 997 1148 discesserim.
1015 1129 1059 1148 Fuit
1072 1129 1124 1154 apud
1138 1134 1169 1147 me

258 1165 313 1179 uarum
332 1165 406 1180 tantum
427 1167 490 1180 rerum
510 1167 566 1180 causa
580 1161 685 1180 Volboriae
707 1166 761 1186 pater
781 1161 929 1180 commissarius
938 1161 952 1184 ⁴,
973 1161 988 1179 is
1002 1160 1049 1179 mihi
1068 1160 1137 1179 multas
1151 1164 1170 1179 et

258 1196 304 1210 raves
317 1197 334 1211 et
347 1198 393 1211 suae
408 1192 521 1217 integritatis
535 1196 554 1211 et
568 1192 624 1217 hujus
642 1193 722 1211 instituti
737 1193 766 1211 sui
782 1193 865 1211 rationes
885 1192 982 1217 exposuit,
1002 1198 1040 1210 non
1055 1196 1094 1210 tam
1107 1191 1169 1210 verbis

258 1222 285 1246 uis,
301 1230 357 1248 quam
377 1224 452 1248 scriptis
471 1224 494 1242 ad
508 1230 528 1242 se
542 1224 635 1247 aliorum,
654 1228 672 1243 et
686 1224 763 1249 quidem
784 1230 899 1249 magnorum
914 1224 1000 1242 virorum
1015 1230 1036 1242 ac
1050 1223 1169 1247 Principum,

259 1259 269 1271 Ἰε
280 1255 378 1274 rebellione
392 1255 449 1274 etiarn
462 1255 541 1274 istarum
555 1261 644 1274 sororum
658 1262 736 1274 suarum
745 1256 752 1268 ⁷
766 1256 882 1274 testimoniis
896 1255 1013 1280 consignatis
1026 1255 1098 1273 docuit.
1114 1254 1169 1277 Quae

259 1290 278 1308 8⁰
290 1292 347 1310 quum
362 1287 459 1310 vidissem,
474 1287 506 1311 qui
520 1293 598 1305 omnem
611 1287 735 1305 rebellionem
747 1291 804 1311 atque
816 1287 981 1311 contemptionem
994 1286 1080 1311 ingratus
1091 1291 1169 1304 exosam

259 1321 313 1341 emper
325 1318 391 1340 habui,
405 1318 484 1342 cupiens
499 1318 583 1343 primum
598 1318 621 1337 R.
636 1318 707 1342 Mtatis,
727 1318 795 1337 deinde
809 1318 961 1343 uniuscujusque
976 1317 1067 1336 Praefecti
1082 1316 1169 1342 jurisdic-

258 1345 310 1367 ionetn
324 1349 440 1371 conservari,
454 1349 519 1374 scripsi
536 1349 646 1374 Virginibus
660 1350 700 1369 istis
710 1352 722 1372 “,
737 1354 758 1368 ut
771 1356 812 1368 sese
826 1349 875 1368 inter
889 1349 964 1368 alveum
979 1348 1098 1372 contineant,
1113 1348 1169 1367 Prae-

258 1379 336 1405 'ositoque
351 1387 387 1399 suo
400 1381 505 1399 secundum
520 1381 570 1405 leges
585 1381 686 1406 imperanti
701 1382 802 1404 obediant,
816 1387 866 1406 quae
880 1381 916 1399 illis
931 1380 1021 1405 imposita
1036 1384 1088 1403 sunt,
1108 1385 1169 1404 quan-

258 1414 297 1432 luam
309 1412 356 1431 mihi
370 1412 419 1436 juste
433 1412 523 1437 imposita
537 1419 576 1431 esse
591 1413 698 1436 videantur,
713 1417 777 1431 tamen
791 1412 806 1431 si
819 1411 913 1437 perpetuo
928 1412 977 1431 ferre
992 1418 1031 1430 non
1043 1415 1130 1436 possunt,
1144 1410 1168 1429 ad

258 1445 303 1461 neum
316 1444 419 1462 adventum
433 1444 544 1467 sustineant,
559 1450 589 1462 me
602 1448 719 1468 curaturum,
735 1450 758 1463 ne
774 1444 821 1469 quid
832 1443 867 1462 sibi
884 1448 951 1462 contra
962 1443 990 1461 sas
1002 1447 1021 1461 et
1031 1443 1083 1468 leges
1095 1441 1169 1467 imponi

258 1470 308 1493 jutius
321 1479 432 1500 querantur.
447 1475 499 1494 Haec
514 1480 534 1494 ut
548 1476 572 1494 ad
584 1476 649 1495 uncias
663 1476 707 1501 quis
721 1476 808 1499 excutiat,
822 1481 862 1494 non
874 1475 937 1499 video,
952 1475 999 1500 quid
1013 1475 1033 1493 in
1044 1473 1168 1499 vituperatio-

259 1522 422 1531 g—

276 1561 281 1572 ¹
299 1563 379 1579 Janussius
391 1563 465 1579 Lamuki.
528 1564 534 1574 ²
549 1564 692 1580 Patrico-{ensibus
703 1570 717 1580 a.
731 1564 774 1580 ¹550.

275 1587 281 1598 ²
299 1589 353 1609 Rnczej
366 1590 535 1608 ‚Bolechovicenses“;
551 1590 661 1606 Boleehowice
673 1596 687 1605 w
698 1590 754 1611 psrsfii
768 1591 837 1612 Chqciny
849 1595 864 1605 w
875 1591 937 1610 wojew.
948 1590 1070 1608 krsknwrkiem,
1083 1589 1169 1609 mnjetnost

300 1615 383 1636 biskupew
393 1616 508 1631 krakowskich.

274 1640 280 1650 ⁴
299 1642 372 1657 Siewien
386 1647 401 1656 w
414 1642 475 1661 woiew.
493 1642 616 1661 krakowskiem,
633 1643 654 1658 od
667 1643 735 1663 ktorego
753 1643 815 1664 biskupi
833 1643 926 1663 krakowscy
940 1642 1029 1664 tytulownli
1043 1642 1066 1662 ιίς
1079 1641 1169 1662 Κιίςὶςῐεπιί

299 1667 412 1683 siewienkimi.
474 1668 481 1679 ³
501 1669 568 1689 Olsztyn
579 1674 594 1684 w
605 1669 666 1689 wojew.
677 1669 798 1685 knkewskiim.
860 1669 868 1681 ⁸
889 1669 994 1685 Lismnnimn.

274 1691 280 1703 ²
299 1694 392 1709 Monizlium
402 1699 415 1710 s.
426 1695 497 1710 Andreae
509 1695 643 1711 Crseoviensium.
706 1695 713 1707 ὓ
734 1696 778 1712 Ηιω
789 1699 826 1716 tego
837 1696 889 1711 niem
899 1700 915 1711 w
927 1695 962 1716 rltp.
973 1699 1042 1716 mzym,
1053 1694 1073 1710 cf.
1085 1694 1120 1716 ⁵9²·

302 1730 554 1747 sarmitum-,mue
1044 1726 1070 1746 4⁰
