1465 2093
268 220 303 237 522
638 226 658 239 A.
674 225 835 239 znunzvnowsn

336 277 425 298 Statuto
449 276 521 305 Regni
540 286 569 300 est
583 287 672 304 cautum.
691 287 712 301 ut
727 282 886 301 excommunicati
905 288 944 301 non
964 282 1049 300 habeant
1068 282 1109 301 locs
1123 282 1139 300 in
1151 282 1185 306 judi-

272 313 305 331 ciis
319 313 443 336 secularibus,
458 319 520 337 neque
535 314 558 331 ad
574 314 654 332 dicenda
668 314 779 332 testimonia
793 317 838 332 sunt
852 313 920 336 ubiles,
941 313 960 331 id
975 314 1029 338 quod
1043 313 1137 338 judicibus
1152 319 1186 338 quo-

272 350 309 368 que
323 344 453 368 spiritualibus
466 350 500 368 per
511 344 559 363 hanc
574 345 676 370 Synodurn
691 345 808 370 proponitur
818 349 837 363 et
848 345 961 370 injungitur,
976 344 1080 369 diligenter
1091 351 1129 363 esse
1138 345 1187 363 obses-

272 375 363 393 vandum.

334 406 417 429 Vicarii
438 406 544 429 omniurn
563 407 716 430 Ecclesiarum
740 412 877 431 cathedralium
891 416 966 436 praeter
979 412 1187 431 Wladislaviensemim-

272 449 340 461 munes
354 447 372 461 et
386 443 469 467 exempti
481 450 491 462 a
503 444 679 462 contributionibus
693 444 769 468 quoties
783 444 921 462 decernuntur:
937 449 996 468 quare
1010 444 1096 462 decrevit
1111 443 1188 469 Synodus.

274 478 295 492 ut
309 474 378 492 Vicarii
393 480 471 499 quoque
486 475 653 493 Wladislavienses
668 475 759 499 praedicti
773 475 815 493 aliis
829 475 985 499 aequiparentur,
999 481 1009 493 a
1025 475 1188 499 contributionoque

274 505 332 523 instar
346 505 428 524 aliorum
443 506 539 524 immunes
555 506 667 525 habeantur.

338 537 459 559 Postremo
474 543 565 567 quoniam
581 543 649 561 frustra
663 547 691 561 est
705 543 746 567 jura
761 543 853 566 condere,
869 542 904 561 nisi
918 542 1014 567 legitimae
1029 543 1136 561 executioni
1149 548 1189 560 man-

273 573 372 596 darentur,
387 574 498 598 multaeque
512 578 586 592 exstant
600 574 724 599 Synodorum
739 574 884 599 praeteritarum
902 573 1067 597 Constitutiones,
1082 580 1129 599 quae
1141 573 1188 592 hacte-

273 610 309 623 nus
329 604 368 623 suis
387 609 489 623 caruerunt
511 605 656 624 executionibus
676 610 694 624 et
714 605 789 624 effectu:
809 605 893 624 decrevit
912 605 1013 630 Synodus,
1036 609 1058 624 ut
1073 605 1132 623 Rmus
1149 605 1189 623 Dum

273 636 435 660 Archiepiscopus
456 636 574 655 Gnezncnsis
594 637 657 661 colligi
677 637 732 655 faciat
752 643 809 661 quam
828 637 912 661 primum
934 642 1002 655 omncs
1017 640 1036 655 et
1050 636 1133 661 singulas
1149 636 1189 655 Con·

272 667 381 685 stitutiones
395 668 496 692 synodales
511 668 621 692 provinciae
635 668 724 692 antiquas
738 672 756 686 et
772 674 837 691 novas,
852 674 922 692 easque
936 667 1004 686 formis
1019 668 1088 686 excudi
1106 671 1124 686 et
1139 673 1189 686 excus-

273 704 302 716 sas
317 698 335 716 in
350 704 412 717 unum
427 699 518 717 volumen
533 699 593 723 redigi
608 703 670 722 curet,
688 703 706 717 et
720 703 758 717 tam
774 699 887 717 Dominatio
902 699 940 717 Sua
955 699 1016 721 Rma,
1031 704 1091 723 quarn
1105 699 1156 717 etiam
1167 698 1189 716 alii

273 729 310 747 Dni
325 730 417 754 Episcopi
432 730 452 748 in
466 730 505 748 suis
520 730 628 749 diocesibus
643 730 661 748 in
677 730 811 749 executionem
826 734 906 755 ponant,
927 730 1031 755 miserique
1046 734 1065 749 et
1079 730 1140 749 afflicti
1157 729 1188 748 clm*

273 761 460 779 commiserationem
474 761 551 780 tandem
567 761 642 785 capiant
656 766 674 780 et
688 768 729 780 earn
749 765 838 780 tueantur
852 768 887 786 pro
901 768 934 780 sua
949 762 1004 784 virili.
1025 762 1134 786 sumptibus
1146 761 1189 780 [acul-

273 792 381 816 tatibusque
395 792 435 810 suis
450 792 496 810 nihil
510 793 618 817 parcendo,
639 793 692 817 quod
707 797 810 817 postquam
827 793 913 815 fecerint,
931 793 1027 811 Dominus
1042 793 1095 811 Deus
1109 793 1134 811 eis
1146 793 1188 810 vitam

273 823 367 847 producet
381 823 399 841 in
415 823 451 842 hoc
465 823 536 847 seculo,
551 823 569 842 in
585 823 650 842 futuro
665 830 710 842 vero
725 824 811 848 proemia
826 824 880 842 dabit
893 827 976 842 aeterna.

337 855 400 876 Haec
416 855 486 877 Sacra
498 855 643 884 provincialis
656 855 765 885 Synodus
783 864 863 885 propter
882 860 1011 879 honestandas
1029 860 1125 884 primicias
1143 859 1188 884 Regni

274 890 344 915 Regiae
359 891 422 909 Mtatis
436 895 454 909 et
469 891 564 909 declarare
585 892 651 910 volens
665 892 708 910 cleri
723 891 805 910 universi
820 898 864 916 erga
880 892 939 910 Suam
954 892 1035 910 Mtatem
1056 891 1188 916 propensionem

270 928 291 940 ac
312 921 410 945 affectum,
431 922 514 941 decrevit
534 923 650 941 unanimiter
672 923 834 941 contributionem
855 923 933 947 duplam
954 929 998 941 cum
1019 922 1109 945 dimidia,
1127 922 1189 941 boe&

271 959 282 971 a
294 953 379 977 qualibet
391 960 455 972 marca
466 954 539 978 argenti
554 953 638 972 florenos
653 954 719 972 decem
731 954 750 971 in
763 958 840 972 moneta
854 954 952 972 aestimata
967 960 1001 978 per
1013 960 1091 978 grossos
1104 953 1188 972 duodecim

272 985 337 1010 semei,
352 988 370 1002 ct
385 985 453 1003 iterum
468 991 502 1009 per
516 985 564 1003 alios
579 985 683 1003 duodecim
697 985 762 1007 semel,
777 985 832 1003 tertio
847 991 892 1004 vero
906 991 940 1009 per
954 991 1032 1010 grossos
1045 991 1089 1008 sex,
1102 989 1123 1003 ut
1135 984 1187 1003 sintin

272 1020 312 1034 tota
327 1016 400 1034 ratione
415 1016 564 1034 contributionis
579 1016 649 1040 duplae
664 1020 682 1034 et
695 1016 742 1034 serni
760 1016 847 1035 decretae
861 1016 921 1041 grossi
937 1016 1022 1041 triginta,
1033 1022 1070 1041 per
1084 1015 1188 1034 beneficiatos

273 1047 359 1065 solvendi
380 1053 414 1071 pro
429 1047 463 1066 hac
477 1047 518 1066 vice
537 1051 618 1070 tantum,
641 1047 689 1066 infra
704 1047 748 1066 hinc
763 1052 782 1066 et
796 1048 846 1066 diem
861 1047 931 1066 festum
946 1047 965 1066 S.
981 1048 1044 1066 Lucae
1059 1047 1188 1072 Evangelistae'

272 1078 360 1102 proxime
374 1078 467 1097 futurum.

336 1110 380 1132 Sed
399 1109 510 1139 quoniam
527 1110 584 1131 haec
596 1109 646 1139 ipsa
658 1110 729 1132 Sacra
742 1110 851 1139 Synodus
868 1109 1015 1140 provincialis
1030 1115 1105 1134 decreta
1117 1114 1188 1139 Synodoe

273 1151 315 1164 rum
330 1146 475 1170 praeteritarum
491 1146 598 1169 revolvens,
609 1146 704 1170 comperit
718 1146 876 1170 protestationem
889 1146 908 1164 in
921 1146 1009 1171 Synodo,
1021 1146 1046 1165 de
1057 1148 1116 1165 Anno
1127 1144 1189 1164 Domini

274 1178 321 1201 ¹⁵39
337 1177 355 1195 in
371 1178 439 1196 eodem
462 1178 504 1196 loco
519 1183 555 1202 pro
570 1177 618 1196 festo
637 1177 760 1196 Ascens'mnis
780 1177 859 1196 Domini
879 1177 973 1196 celebrata
982 1177 996 1200 ²,
1019 1178 1100 1196 nomine
1119 1176 1189 1196 omnium

273 1207 408 1233 capitulorum
423 1212 441 1227 et
455 1209 551 1227 Abbatum
567 1208 635 1227 factam
651 1208 718 1232 fuisse,
733 1209 748 1227 si
763 1212 781 1227 et
795 1208 815 1227 in
832 1213 926 1233 quantum
946 1209 1065 1227 contributio
1084 1209 1145 1233 aliqua
1160 1208 1189 1226 liu-

271 1240 334 1258 danda
349 1239 407 1263 foret,
429 1246 448 1258 se
462 1240 513 1258 illam
529 1240 580 1265 juxta
601 1240 698 1264 antiquam
718 1244 781 1258 taxam
796 1246 836 1258 non
850 1240 948 1258 soluturos
965 1240 999 1259 sed
1014 1241 1121 1259 secundum
1136 1244 1189 1258 novam

272 1275 344 1294 taxam,
365 1271 409 1296 quia
425 1275 489 1289 tamen
504 1271 616 1290 molendina
636 1277 745 1290 mensarum
764 1271 805 1289 RR.
820 1271 908 1290 Dnorum
928 1271 1078 1296 Archiepiscopi
1098 1275 1116 1290 et
1135 1271 1190 1289 Postu-

272 1302 343 1321 niensis
360 1309 381 1321 ac
399 1302 496 1321 Plocensis
516 1302 670 1327 Episcoporum,
692 1308 713 1320 ac
733 1302 853 1320 Praelaturae
870 1307 889 1321 et
903 1302 1027 1321 canonicatus
1052 1302 1164 1321 Gnesnensis
1178 1304 1191 1319 tt

271 1333 377 1356 Plocensis,
392 1334 552 1358 metropolitanae
567 1338 586 1352 ct
600 1334 718 1355 cathedralis,
732 1340 753 1352 ac
767 1333 861 1352 Abbatiae
880 1333 998 1352 Gnesnensis
1013 1333 1124 1355 dioceseos.
1142 1332 1191 1351 Colle-

272 1365 361 1389 giataque
381 1365 510 1383 Lancicicnsis
530 1365 593 1383 minus
607 1365 656 1389 juste
670 1369 743 1383 taxatae
758 1364 844 1383 fuerunt:
859 1364 943 1383 decrevit
957 1364 1004 1383 haec
1019 1364 1061 1389 ipSa
1076 1364 1166 1389 Synodus,
1176 1367 1191 1381 1¹1

273 1396 336 1420 primo
356 1402 434 1420 quoque
455 1400 543 1420 tempore
563 1396 630 1414 mediis
649 1396 761 1420 juramentis
779 1402 813 1420 per
830 1400 927 1414 exactores
948 1395 1047 1414 dictorum
1062 1395 1105 1414 RR.
1119 1395 1191 1414 Duorum

274 1427 419 1451 Archiepiscopi
434 1431 452 1445 et
466 1427 608 1451 Episcoporum
629 1427 709 1445 fideliter
726 1430 768 1445 taxa
787 1433 853 1445 coram
867 1427 915 1445 Dnis
929 1427 953 1445 de
968 1426 1062 1451 Capitulo
1077 1433 1112 1452 per
1130 1426 1193 1445 eosdm!

274 1458 328 1476 Dnos
348 1458 462 1477 Ordinarios
481 1462 499 1476 et
519 1458 608 1482 Capitula
629 1458 750 1482 deputandos
770 1462 787 1476 et
807 1462 935 1482 proventuum
955 1458 1071 1482 supputatio
1091 1458 1150 1481 fieret,
1165 1457 1193 1476 hoc

274 1489 364 1513 idemque
385 1490 464 1508 l‘raelati
479 1496 500 1508 ac
515 1489 609 1508 Canonici
624 1493 641 1508 et
655 1490 739 1507 Abbates
759 1489 863 1513 supradicti
883 1489 971 1508 similiter
990 1489 1054 1508 facere
1071 1489 1111 1508 sint
1124 1487 1194 1514 obligati,

273 1521 344 1545 alioqui
366 1521 401 1539 nisi
422 1521 534 1546 hujusmodi
555 1525 596 1539 taxa
616 1521 719 1545 praemissa
741 1520 805 1543 fuerit,
825 1520 882 1539 ceteri
896 1526 963 1539 omnes
980 1521 1005 1539 ad
1021 1521 1138 1540 solvendam
1150 1520 1195 1539 man

273 1552 437 1570 contributionem
458 1558 496 1570 non
512 1556 567 1570 erunt
581 1552 665 1576 obligati.
685 1551 712 1570 Ea
727 1555 792 1570 tamen
806 1552 888 1576 desuper
903 1551 976 1570 ratione
990 1551 1089 1575 adhibita,
1110 1552 1160 1577 quod
1171 1549 1195 1569 ubi

274 1583 325 1607 juxta
340 1589 409 1601 novam
424 1587 487 1602 taxam
507 1587 612 1608 proventus
632 1582 770 1601 beneficiorum
784 1583 809 1601 ad
822 1589 906 1601 marcam
927 1582 1000 1607 argenti
1015 1589 1059 1602 non
1073 1588 1120 1603 sunt
1133 1581 1196 1605 raduni,

274 1620 309 1638 pro
324 1620 387 1633 marca
407 1614 480 1639 argenti
495 1615 561 1633 decem
576 1614 644 1632 floreni
662 1614 755 1638 pecuniae
774 1618 911 1639 supputentur,
926 1618 944 1632 et
957 1614 981 1632 ab
996 1614 1040 1633 aliis
1055 1615 1151 1638 solvatur,
1167 1619 1197 1633 ml·

274 1645 339 1663 nuales
358 1651 404 1664 vero
425 1645 494 1664 Vicarii
517 1645 631 1670 gratialistse
654 1649 672 1663 et
692 1645 801 1671 Presbyteri
821 1651 860 1664 non
880 1644 988 1664 beneficiati
1010 1652 1048 1670 per
1071 1651 1111 1665 tres
1130 1650 1198 1672 grem

309 1713 314 1723 ¹
338 1713 355 1728 18
367 1713 441 1729 Octobris
455 1713 498 1729 1351,
562 1713 568 1723 ²
585 1713 601 1728 15
613 1713 649 1732 Mnji
663 1712 706 1733 1539,
718 1713 820 1728 Penicovine
