1465 2093
574 217 713 231 EPISTULARUM
727 217 791 235 mem,
805 217 854 232 RDL.
1146 219 1181 238 ²7¹

256 275 310 294 quem
324 269 347 288 iis
361 269 386 288 de
400 269 456 288 rebus
471 269 567 294 copiosius
582 269 661 292 edocui,
676 269 781 294 intelligere
796 270 866 294 poterit
880 270 902 288 V.
917 269 936 288 S.
952 270 1006 292 Mtas,
1022 270 1052 288 cui
1066 259 1143 295 longam
1156 277 1184 289 sa-

256 300 310 319 lutem
325 305 384 325 atque
399 300 503 325 imperium
517 307 527 319 a
542 300 628 319 Domino
643 300 683 319 Deo
700 306 773 325 precor.
793 300 862 319 XXVII
878 300 975 319 Octobris.

280 373 323 393 542.
503 374 599 394 Joanni
614 374 716 393 ooieski
729 374 938 394 Procaneellario.

865 421 964 443 Subcovis,
979 422 1005 440 27
1022 421 1112 441 Octobris
1126 423 1185 441 1550.

315 457 335 476 ln
350 457 430 482 negotio
445 464 489 476 meo
504 457 666 476 monasteriorum
681 457 727 482 quid
742 461 811 480 actum,
827 457 873 482 quid
888 457 996 476 consectum
1011 458 1045 480 sit,
1061 464 1082 476 ex
1097 458 1184 483 exemplo

261 488 356 512 literarum,
371 495 418 514 quas
432 489 470 507 Dni
485 488 617 507 Commissarii
632 489 686 507 Mmti
701 488 771 513 Regiae
785 488 908 513 scripserunt,
924 493 942 507 et
956 495 1003 514 quas
1017 495 1053 514 ego
1069 489 1118 508 Suae
1131 489 1184 508 Muti

261 525 341 544 praesens
355 520 441 543 offeram,
455 520 534 544 accipiet
547 520 569 538 V.
585 520 638 538 Mtia.
654 520 673 538 ld
688 520 722 538 feci
738 524 848 544 propterea:
863 524 904 538 turn
919 526 942 538 ne
954 520 976 538 V.
991 520 1058 539 Mtiam
1073 521 1131 545 long-1
1145 520 1185 545 epi-

259 551 302 569 stola
320 552 458 575 obtunderern,
480 556 520 570 tum
536 555 556 570 ut
571 552 649 570 haberet
663 551 702 570 Sua
717 551 774 574 Mtas,
794 552 845 570 unde
860 557 889 574 ea,
910 557 959 576 quae
977 556 1028 576 gesta
1043 556 1097 574 sunt,
1121 556 1185 576 posset

259 587 374 606 cognoscere.
389 583 518 606 quamobrem
531 589 586 607 rogo,
600 587 621 601 ut
636 586 691 601 nacto
706 586 794 607 tempore
808 582 830 601 V.
845 583 891 601 Mtia
907 583 953 602 haec
973 583 1022 602 Suae
1036 583 1090 602 Mtati
1110 583 1185 602 reserat.

259 612 305 635 Scin,
318 619 356 632 non
371 613 443 637 defore,
457 614 489 638 qui
501 618 545 632 ante
559 613 616 632 etiam
630 614 734 632 adventum
749 619 814 632 meum
826 614 934 632 institutum
947 614 983 633 hoc
995 620 1059 633 meum
1073 614 1185 633 labefectare

257 644 308 663 isthic
327 645 458 668 conabuntur,
478 651 560 670 quorum
580 651 624 670 pars
641 645 762 670 ignoratione
782 645 819 666 rei.
839 651 882 669 pars
902 645 1035 664 malevolentia
1050 650 1068 664 et
1082 646 1185 670 cupiditate

257 676 334 695 ducitur.
357 676 395 695 Sed
415 676 494 695 confido
509 681 528 695 et
541 682 623 701 quaeso,
646 683 676 695 me
696 676 719 695 ab
737 676 791 695 omni
811 676 954 695 insimulatione
972 681 990 695 et
1009 677 1103 695 calumnia
1126 677 1185 701 gratia

256 711 310 732 atque
323 707 422 726 autoritate
437 708 459 726 V.
475 708 532 726 Mtiae
547 708 646 726 defensum
661 708 692 726 iri:
707 714 743 732 ego
758 714 817 732 quum
833 713 910 730 veneroy
924 714 982 727 vanas
997 714 1027 726 me
1042 708 1129 727 omniurn
1150 708 1185 726 ho-

257 739 326 757 minum
340 739 462 763 aspersiones
476 739 553 758 veritate
565 739 606 763 ipsa
619 743 710 763 tanquam
725 739 806 763 spongia
820 739 897 757 abunde
912 739 1019 758 deleturum
1033 745 1097 764 spero.
1112 739 1185 758 {nterea

256 768 283 787 V.
294 770 335 788 mihi
350 770 397 788 Mtia
411 770 444 788 det
457 770 565 791 consilium.
579 776 655 794 opusne
669 770 750 789 habeam
765 770 871 788 monachos
885 774 942 795 atque
957 770 1050 789 moniales
1065 777 1131 789 eorum
1144 777 1185 789 mo-

258 801 380 819 nasteriorum
395 801 418 819 R.
433 801 497 820 Mtatis
512 801 602 820 mandato
618 801 730 820 Cracoviam
745 802 850 824 advocare,
869 802 980 826 praesertim
996 808 1056 826 quum
1070 802 1106 827 ipsi
1121 802 1185 826 appel·

256 830 327 851 lationis
341 832 391 851 ultro
404 832 440 851 sibi
455 833 597 857 praestituerint
605 833 616 855 ¹,
630 836 648 851 et
657 832 705 851 sicut
717 832 774 851 estin
788 832 876 857 exemplo
891 833 995 855 literarum,
1009 833 1129 857 acceptarint.
1143 833 1186 852 Hoc

257 862 278 880 si
288 869 331 887 opus
345 863 417 885 habeo,
433 864 495 882 mittat
508 863 565 884 mihi,
580 869 658 888 quaeso,
674 864 695 882 V.
710 864 756 882 Mtia
771 863 856 882 mandati
870 864 943 887 literam
963 864 992 883 sin
1007 865 1081 887 minus,
1095 869 1115 883 at
1128 870 1187 889 super

257 894 347 913 Abbatem
366 894 478 913 Olivensem
496 895 621 919 Lamperturn
631 895 644 917 ²,
665 895 719 919 cujus
733 901 769 919 ego
784 895 922 913 monasterium
937 895 973 914 hoc
988 899 1074 920 tempore
1092 895 1185 914 intactum

259 925 321 950 reliqui
335 930 353 944 et
367 932 425 950 quem
440 926 486 944 haec
506 926 630 949 monasteria,
650 927 720 950 quibus
735 926 837 950 providere
851 926 914 949 volui,
934 930 1017 945 tutorem
1032 933 1087 945 suum
1103 933 1143 945 esse
1157 927 1185 945 di-

259 961 307 980 eunt,
321 957 382 976 mittat
396 958 443 976 mihi
458 957 480 976 V.
496 957 541 976 Mtia
556 963 614 982 quam
630 957 714 981 prirnum
729 957 814 976 mandati
829 957 898 980 literas,
913 958 983 982 quibus
998 958 1024 976 illi
1039 958 1078 976 dies
1092 957 1185 982 praefiga-

260 990 290 1006 tur
305 988 381 1007 sistendi
395 995 416 1007 se
430 995 495 1007 coram
510 988 533 1007 R.
547 989 606 1007 Mtate
626 989 687 1013 prima
702 993 735 1007 aut
749 989 806 1007 altera
824 989 855 1007 die
869 988 986 1007 Decembris.
1012 989 1061 1007 Nam
1081 995 1124 1007 curn
1140 989 1185 1007 haec

260 1019 316 1042 gravis
329 1020 435 1038 admodum
450 1025 506 1038 causa
520 1020 550 1042 sit,
565 1020 650 1044 ingerere
665 1026 685 1038 se
699 1024 770 1038 temere
784 1020 803 1038 in
815 1020 977 1038 monasteriorum
992 1020 1186 1042 administrationem,

260 1052 298 1068 turn
316 1055 359 1069 sunt
373 1055 391 1069 et
407 1051 443 1069 alia
459 1051 516 1073 mihi,
538 1057 587 1076 quae
608 1057 651 1069 curn
666 1051 703 1069 hoc
718 1052 792 1069 Abbute
812 1052 863 1075 apud
883 1051 905 1070 R.
924 1051 1002 1070 Mmtem
1023 1052 1096 1075 agenda
1116 1055 1185 1070 essent.

261 1080 375 1101 Commendo
390 1082 426 1101 hoc
441 1086 502 1101 totum
518 1082 598 1101 consilio
610 1082 632 1100 V.
645 1082 709 1106 Mtiae,
723 1082 752 1101 cui
768 1088 803 1106 ego
818 1088 897 1101 omnem
912 1083 1043 1101 liberalitatem
1059 1082 1094 1101 hoc
1106 1082 1185 1101 nomine

261 1112 319 1131 offero.
334 1114 404 1132 Datum
419 1119 429 1131 e
444 1118 505 1132 castro
520 1119 564 1132 meo
579 1113 712 1137 Sobcoviensi‚
727 1113 797 1131 XXVII
812 1113 909 1132 Octobris.

286 1185 324 1205 543.
433 1187 505 1205 Petro
519 1187 677 1208 Porembski.
692 1187 822 1206 canonico
837 1187 1007 1206 cracoviensi.

868 1234 966 1257 Subcouis,
982 1235 1007 1252 27
1024 1234 1113 1253 Octobr-is
1128 1235 1184 1253 1550.

316 1271 404 1289 Andreae
425 1271 501 1289 Patricii
511 1271 524 1293 ³⁴,
544 1271 576 1295 qui
591 1271 637 1289 mihi
653 1275 680 1289 est
694 1271 718 1289 ab
733 1270 826 1295 epistolis,
846 1276 904 1295 opera
925 1270 1028 1289 Cracoviae
1043 1270 1062 1289 in
1078 1270 1134 1289 horas
1153 1276 1185 1289 ne-

259 1305 305 1320 tesse
319 1302 386 1320 habeo.
402 1301 498 1324 Quoniam
513 1305 577 1320 autem
593 1302 645 1320 dorni
661 1308 714 1320 meae
726 1302 790 1320 locum
803 1308 841 1320 non
855 1302 888 1320 hal
894 1308 925 1325 eo,
940 1301 973 1320 ubi
985 1302 1087 1320 commode
1101 1301 1186 1320 habitare

258 1333 321 1356 possit,
340 1337 359 1351 et
373 1333 465 1357 hospitia¹
485 1339 534 1358 quae
553 1333 678 1352 servitoribus
692 1333 739 1352 meis
753 1337 797 1351 sunt
816 1333 923 1357 designata,
946 1333 1016 1351 distant
1032 1333 1119 1357 longius,
1137 1339 1185 1357 rogo

258 1361 280 1382 V.
292 1364 374 1387 fratem,
394 1368 415 1383 ut
429 1364 445 1383 ei
460 1364 512 1383 domi
532 1370 577 1383 suae
592 1365 615 1383 de
629 1364 747 1382 habitatione
767 1364 856 1389 quapiam
877 1364 988 1382 commodet
1006 1370 1041 1388 per
1055 1364 1092 1382 hoc
1109 1367 1186 1388 tempus

257 1396 400 1419 antummodo,
420 1396 473 1420 quod
488 1402 524 1420 ego
539 1395 643 1414 Cracoviae
663 1401 782 1417 commoror,
805 1395 856 1420 quod
876 1395 988 1420 neutiquam
1004 1395 1035 1413 diu
1051 1399 1079 1413 est
1093 1394 1185 1413 futurum.

257 1427 347 1446 Polliceor
361 1433 420 1445 omne
435 1433 500 1446 meum
515 1427 601 1445 officium
620 1427 656 1445 hoc
671 1427 750 1445 nornine
764 1427 786 1445 V.
802 1426 858 1448 Ftati‚
877 1432 936 1450 quam
951 1426 1023 1445 felicem
1039 1426 1101 1445 valere
1121 1426 1185 1451 cupio.

256 1458 322 1477 XXVII
337 1458 429 1477 Octobris
444 1458 504 1476 MDl..

274 1532 322 1551 544.
457 1532 586 1551 Stanislao
600 1531 686 1552 Hosio.
700 1531 828 1555 Episcopo
843 1531 982 1550 culmensi.

865 1578 967 1600 Sobcovis,
982 1578 1008 1596 27
1024 1577 1114 1596 Oclobris
1128 1578 1186 1597 1:350.

313 1616 333 1635 Si
349 1616 450 1639 virtutem,
464 1615 479 1634 si
494 1615 610 1638 honestum,
624 1615 639 1633 si
654 1614 739 1634 officium
754 1619 855 1633 consector
869 1614 888 1633 in
904 1614 950 1633 meis
964 1614 1085 1637 actionibuS,
1099 1614 1114 1633 si
1128 1614 1185 1633 etiam

256 1648 328 1668 unsilia
344 1646 489 1666 Venerabilium
509 1646 631 1665 familiarium
648 1647 753 1665 meorum¹
774 1646 792 1664 in
808 1646 966 1664 deliberationem
986 1645 1080 1669 adhibeoy
1101 1652 1140 1664 non
1156 1652 1186 1664 me

281 1712 286 1721 ί
311 1710 345 1725 Sic!
411 1709 418 1719 ²
433 1708 477 1724 Sleff.
539 1709 546 1719 ²
561 1709 630 1724 Nideeki.
693 1708 700 1718 ⁴
715 1708 830 1723 Canonicomm
843 1708 995 1723 Vladislnviensium.
