<?xml version="1.0" encoding="UTF-8"?>
<!DOCTYPE html PUBLIC "-//W3C//DTD XHTML 1.0 Transitional//EN"
    "http://www.w3.org/TR/xhtml1/DTD/xhtml1-transitional.dtd">
<html xmlns="http://www.w3.org/1999/xhtml" xml:lang="en" lang="en">
 <head>
  <title>
</title>
<meta http-equiv="Content-Type" content="text/html;charset=utf-8" />
  <meta name='ocr-system' content='tesseract 3.04.00' />
  <meta name='ocr-capabilities' content='ocr_page ocr_carea ocr_par ocr_line ocrx_word'/>
</head>
<body>
  <div class='ocr_page' id='page_1' title='image "actahistoricare06ulangoog_0453.png"; bbox 0 0 1465 2093; ppageno 0'>
   <div class='ocr_carea' id='block_1_1' title="bbox 495 220 1114 240">
    <p class='ocr_par' dir='ltr' id='par_1_1' title="bbox 495 220 1114 240">
     <span class='ocr_line' id='line_1_1' title="bbox 495 220 1114 240; baseline -0.002 -5"><span class='ocrx_word' id='word_1_1' title='bbox 495 220 636 235; x_wconf 64' lang='lat' dir='ltr'>emmunim</span> <span class='ocrx_word' id='word_1_2' title='bbox 649 221 712 239; x_wconf 79' lang='lat' dir='ltr'>mm,</span> <span class='ocrx_word' id='word_1_3' title='bbox 725 221 791 235; x_wconf 73' lang='lat' dir='ltr'>mnu.</span> <span class='ocrx_word' id='word_1_4' title='bbox 1076 220 1114 240; x_wconf 80' lang='lat'>4¹3</span> 
     </span>
    </p>
   </div>
   <div class='ocr_carea' id='block_1_2' title="bbox 205 309 859 334">
    <p class='ocr_par' dir='ltr' id='par_1_2' title="bbox 205 309 859 334">
     <span class='ocr_line' id='line_1_2' title="bbox 205 309 859 334; baseline 0.002 -6"><span class='ocrx_word' id='word_1_5' title='bbox 205 309 251 329; x_wconf 75' lang='lat'>⁷81.</span> <span class='ocrx_word' id='word_1_6' title='bbox 435 310 567 329; x_wconf 75' lang='lat' dir='ltr'>Bernardo</span> <span class='ocrx_word' id='word_1_7' title='bbox 581 310 708 334; x_wconf 79' lang='lat' dir='ltr'>Maphaeo</span> <span class='ocrx_word' id='word_1_8' title='bbox 724 310 859 329; x_wconf 60' lang='grc' dir='ltr'>σει-(1111311.</span> 
     </span>
    </p>
   </div>
   <div class='ocr_carea' id='block_1_3' title="bbox 820 362 1115 387">
    <p class='ocr_par' dir='ltr' id='par_1_3' title="bbox 820 362 1115 387">
     <span class='ocr_line' id='line_1_3' title="bbox 820 362 1115 387; baseline 0 -6"><span class='ocrx_word' id='word_1_9' title='bbox 820 362 906 385; x_wconf 80' lang='lat' dir='ltr'>Gedani,</span> <span class='ocrx_word' id='word_1_10' title='bbox 919 363 945 381; x_wconf 82' lang='lat'>22</span> <span class='ocrx_word' id='word_1_11' title='bbox 958 363 1043 387; x_wconf 79' lang='lat' dir='ltr'><em>Augusti</em></span> <span class='ocrx_word' id='word_1_12' title='bbox 1057 363 1115 381; x_wconf 79' lang='lat'>1⁵52.</span> 
     </span>
    </p>
   </div>
   <div class='ocr_carea' id='block_1_4' title="bbox 178 398 1115 1640">
    <p class='ocr_par' dir='ltr' id='par_1_4' title="bbox 178 398 1115 1640">
     <span class='ocr_line' id='line_1_4' title="bbox 243 398 1115 423; baseline 0.001 -7"><span class='ocrx_word' id='word_1_13' title='bbox 243 398 339 417; x_wconf 77' lang='lat' dir='ltr'>Petieram</span> <span class='ocrx_word' id='word_1_14' title='bbox 359 398 405 417; x_wconf 83' lang='lat' dir='ltr'>olim</span> <span class='ocrx_word' id='word_1_15' title='bbox 425 404 459 423; x_wconf 90' lang='lat' dir='ltr'>per</span> <span class='ocrx_word' id='word_1_16' title='bbox 472 398 536 417; x_wconf 79' lang='lat' dir='ltr'>literas</span> <span class='ocrx_word' id='word_1_17' title='bbox 556 399 579 417; x_wconf 87' lang='lat' dir='ltr'>R.</span> <span class='ocrx_word' id='word_1_18' title='bbox 594 398 686 417; x_wconf 86' lang='lat' dir='ltr'>Dtionem</span> <span class='ocrx_word' id='word_1_19' title='bbox 701 399 730 421; x_wconf 52' lang='lat' dir='ltr'>v.,</span> <span class='ocrx_word' id='word_1_20' title='bbox 750 403 806 418; x_wconf 86' lang='lat' dir='ltr'>autor</span> <span class='ocrx_word' id='word_1_21' title='bbox 820 402 841 418; x_wconf 88' lang='lat' dir='ltr'>ut</span> <span class='ocrx_word' id='word_1_22' title='bbox 855 405 896 418; x_wconf 93' lang='lat' dir='ltr'>esse</span> <span class='ocrx_word' id='word_1_23' title='bbox 911 399 945 418; x_wconf 87' lang='lat' dir='ltr'>SS.</span> <span class='ocrx_word' id='word_1_24' title='bbox 966 399 1010 417; x_wconf 90' lang='lat' dir='ltr'>Dno</span> <span class='ocrx_word' id='word_1_25' title='bbox 1025 399 1048 417; x_wconf 86' lang='lat' dir='ltr'>N.</span> <span class='ocrx_word' id='word_1_26' title='bbox 1063 399 1115 422; x_wconf 82' lang='lat' dir='ltr'>velit,</span> 
     </span>
     <span class='ocr_line' id='line_1_5' title="bbox 178 430 1115 455; baseline 0 -6"><span class='ocrx_word' id='word_1_27' title='bbox 178 430 203 449; x_wconf 79' lang='lat' dir='ltr'>ad</span> <span class='ocrx_word' id='word_1_28' title='bbox 218 436 268 453; x_wconf 86' lang='lat' dir='ltr'>nos,</span> <span class='ocrx_word' id='word_1_29' title='bbox 288 430 322 455; x_wconf 86' lang='lat' dir='ltr'>qui</span> <span class='ocrx_word' id='word_1_30' title='bbox 335 436 402 449; x_wconf 85' lang='lat' dir='ltr'>sumus</span> <span class='ocrx_word' id='word_1_31' title='bbox 416 431 436 449; x_wconf 91' lang='lat' dir='ltr'>in</span> <span class='ocrx_word' id='word_1_32' title='bbox 451 430 485 449; x_wconf 84' lang='lat' dir='ltr'>hac</span> <span class='ocrx_word' id='word_1_33' title='bbox 499 430 598 455; x_wconf 81' lang='lat' dir='ltr'>provincia</span> <span class='ocrx_word' id='word_1_34' title='bbox 617 431 716 455; x_wconf 79' lang='lat' dir='ltr'>Episcopi,</span> <span class='ocrx_word' id='word_1_35' title='bbox 735 431 856 453; x_wconf 78' lang='lat' dir='ltr'>excitandos,</span> <span class='ocrx_word' id='word_1_36' title='bbox 875 434 897 449; x_wconf 89' lang='lat' dir='ltr'>ut</span> <span class='ocrx_word' id='word_1_37' title='bbox 911 436 960 455; x_wconf 81' lang='lat' dir='ltr'>quae</span> <span class='ocrx_word' id='word_1_38' title='bbox 973 430 1029 449; x_wconf 87' lang='lat' dir='ltr'>nobis</span> <span class='ocrx_word' id='word_1_39' title='bbox 1049 430 1115 455; x_wconf 79' lang='lat' dir='ltr'>religio</span> 
     </span>
     <span class='ocr_line' id='line_1_6' title="bbox 178 461 1114 486; baseline 0 -6"><span class='ocrx_word' id='word_1_40' title='bbox 178 461 311 480; x_wconf 82' lang='lat' dir='ltr'>communiter</span> <span class='ocrx_word' id='word_1_41' title='bbox 330 461 402 480; x_wconf 85' lang='lat' dir='ltr'>tuenda</span> <span class='ocrx_word' id='word_1_42' title='bbox 417 465 454 484; x_wconf 83' lang='lat' dir='ltr'>est,</span> <span class='ocrx_word' id='word_1_43' title='bbox 474 467 516 480; x_wconf 78' lang='lat' dir='ltr'>eam</span> <span class='ocrx_word' id='word_1_44' title='bbox 536 462 700 481; x_wconf 83' lang='lat' dir='ltr'>consentientibus</span> <span class='ocrx_word' id='word_1_45' title='bbox 720 467 798 486; x_wconf 89' lang='lat' dir='ltr'>quoque</span> <span class='ocrx_word' id='word_1_46' title='bbox 818 461 887 480; x_wconf 77' lang='lat' dir='ltr'>animis</span> <span class='ocrx_word' id='word_1_47' title='bbox 901 465 920 480; x_wconf 88' lang='lat' dir='ltr'>et</span> <span class='ocrx_word' id='word_1_48' title='bbox 933 462 1000 480; x_wconf 85' lang='lat' dir='ltr'>studiis</span> <span class='ocrx_word' id='word_1_49' title='bbox 1019 466 1114 480; x_wconf 87' lang='lat' dir='ltr'>tueamur.</span> 
     </span>
     <span class='ocr_line' id='line_1_7' title="bbox 178 492 1114 518; baseline 0 -7"><span class='ocrx_word' id='word_1_50' title='bbox 178 492 224 512; x_wconf 84' lang='lat' dir='ltr'>Hoc</span> <span class='ocrx_word' id='word_1_51' title='bbox 238 493 330 517; x_wconf 86' lang='lat' dir='ltr'>primum.</span> <span class='ocrx_word' id='word_1_52' title='bbox 345 492 495 517; x_wconf 85' lang='lat' dir='ltr'>Perscripseram</span> <span class='ocrx_word' id='word_1_53' title='bbox 510 493 561 512; x_wconf 90' lang='lat' dir='ltr'>idem</span> <span class='ocrx_word' id='word_1_54' title='bbox 576 499 666 518; x_wconf 68' lang='lat' dir='ltr'>quoquey</span> <span class='ocrx_word' id='word_1_55' title='bbox 685 493 806 512; x_wconf 82' lang='lat' dir='ltr'>immutatam</span> <span class='ocrx_word' id='word_1_56' title='bbox 820 493 839 511; x_wconf 91' lang='lat' dir='ltr'>in</span> <span class='ocrx_word' id='word_1_57' title='bbox 854 493 1028 512; x_wconf 79' lang='lat' dir='ltr'>Petricoviensibus</span> <span class='ocrx_word' id='word_1_58' title='bbox 1048 492 1114 511; x_wconf 70' lang='lat' dir='ltr'>Comi&lt;</span> 
     </span>
     <span class='ocr_line' id='line_1_8' title="bbox 178 523 1115 549; baseline 0.001 -7"><span class='ocrx_word' id='word_1_59' title='bbox 178 523 227 543; x_wconf 72' lang='lat' dir='ltr'>fiis*</span> <span class='ocrx_word' id='word_1_60' title='bbox 247 524 305 542; x_wconf 82' lang='lat' dir='ltr'>fuisse</span> <span class='ocrx_word' id='word_1_61' title='bbox 325 524 419 543; x_wconf 84' lang='lat' dir='ltr'>rationem</span> <span class='ocrx_word' id='word_1_62' title='bbox 439 524 554 548; x_wconf 80' lang='lat' dir='ltr'>Legatomm</span> <span class='ocrx_word' id='word_1_63' title='bbox 575 528 686 543; x_wconf 88' lang='lat' dir='ltr'>nostrorum</span> <span class='ocrx_word' id='word_1_64' title='bbox 706 524 725 542; x_wconf 94' lang='lat' dir='ltr'>in</span> <span class='ocrx_word' id='word_1_65' title='bbox 745 524 867 547; x_wconf 81' lang='lat' dir='ltr'>Concilium,</span> <span class='ocrx_word' id='word_1_66' title='bbox 889 528 907 543; x_wconf 83' lang='lat' dir='ltr'>et</span> <span class='ocrx_word' id='word_1_67' title='bbox 927 524 1019 549; x_wconf 82' lang='lat' dir='ltr'>quoniam</span> <span class='ocrx_word' id='word_1_68' title='bbox 1039 530 1115 543; x_wconf 83' lang='lat' dir='ltr'>summe</span> 
     </span>
     <span class='ocr_line' id='line_1_9' title="bbox 178 554 1115 580; baseline 0.001 -7"><span class='ocrx_word' id='word_1_69' title='bbox 178 554 244 577; x_wconf 79' lang='lat' dir='ltr'>dolui,</span> <span class='ocrx_word' id='word_1_70' title='bbox 264 560 308 573; x_wconf 89' lang='lat' dir='ltr'>eum</span> <span class='ocrx_word' id='word_1_71' title='bbox 318 554 332 578; x_wconf 68' lang='lat'>¹¹,</span> <span class='ocrx_word' id='word_1_72' title='bbox 354 555 387 579; x_wconf 90' lang='lat' dir='ltr'>qui</span> <span class='ocrx_word' id='word_1_73' title='bbox 408 555 460 579; x_wconf 84' lang='lat' dir='ltr'>prius</span> <span class='ocrx_word' id='word_1_74' title='bbox 475 561 497 574; x_wconf 79' lang='lat' dir='ltr'>ex</span> <span class='ocrx_word' id='word_1_75' title='bbox 511 555 613 580; x_wconf 86' lang='lat' dir='ltr'>Episcopis</span> <span class='ocrx_word' id='word_1_76' title='bbox 628 556 737 580; x_wconf 81' lang='lat' dir='ltr'>designatus</span> <span class='ocrx_word' id='word_1_77' title='bbox 755 559 804 579; x_wconf 80' lang='lat' dir='ltr'>erat,</span> <span class='ocrx_word' id='word_1_78' title='bbox 824 555 885 574; x_wconf 87' lang='lat' dir='ltr'>virum</span> <span class='ocrx_word' id='word_1_79' title='bbox 907 556 980 574; x_wconf 85' lang='lat' dir='ltr'>bonum</span> <span class='ocrx_word' id='word_1_80' title='bbox 995 559 1013 574; x_wconf 90' lang='lat' dir='ltr'>et</span> <span class='ocrx_word' id='word_1_81' title='bbox 1028 555 1115 579; x_wconf 78' lang='lat' dir='ltr'>doctum,</span> 
     </span>
     <span class='ocr_line' id='line_1_10' title="bbox 178 585 1114 612; baseline 0.001 -8"><span class='ocrx_word' id='word_1_82' title='bbox 178 585 239 605; x_wconf 84' lang='lat' dir='ltr'>fuisse</span> <span class='ocrx_word' id='word_1_83' title='bbox 253 586 387 610; x_wconf 80' lang='lat' dir='ltr'>praeteritum,</span> <span class='ocrx_word' id='word_1_84' title='bbox 407 586 455 604; x_wconf 84' lang='lat' dir='ltr'>alins</span> <span class='ocrx_word' id='word_1_85' title='bbox 468 590 533 605; x_wconf 76' lang='lat' dir='ltr'>autem</span> <span class='ocrx_word' id='word_1_86' title='bbox 548 587 566 605; x_wconf 85' lang='lat' dir='ltr'>in</span> <span class='ocrx_word' id='word_1_87' title='bbox 581 587 647 606; x_wconf 86' lang='lat' dir='ltr'>locum</span> <span class='ocrx_word' id='word_1_88' title='bbox 661 587 721 612; x_wconf 83' lang='lat' dir='ltr'>ipsius</span> <span class='ocrx_word' id='word_1_89' title='bbox 735 587 859 610; x_wconf 67' lang='lat' dir='ltr'>substitutosv</span> <span class='ocrx_word' id='word_1_90' title='bbox 880 587 991 605; x_wconf 80' lang='lat' dir='ltr'>addideram</span> <span class='ocrx_word' id='word_1_91' title='bbox 1012 587 1114 611; x_wconf 76' lang='lat' dir='ltr'>quaedam,</span> 
     </span>
     <span class='ocr_line' id='line_1_11' title="bbox 178 617 1115 643; baseline 0.001 -7"><span class='ocrx_word' id='word_1_92' title='bbox 178 623 216 643; x_wconf 85' lang='lat' dir='ltr'>pro</span> <span class='ocrx_word' id='word_1_93' title='bbox 232 617 316 636; x_wconf 84' lang='lat' dir='ltr'>maximo</span> <span class='ocrx_word' id='word_1_94' title='bbox 331 624 375 636; x_wconf 85' lang='lat' dir='ltr'>meo</span> <span class='ocrx_word' id='word_1_95' title='bbox 389 617 408 636; x_wconf 93' lang='lat' dir='ltr'>in</span> <span class='ocrx_word' id='word_1_96' title='bbox 423 618 472 637; x_wconf 78' lang='lat' dir='ltr'>hanc</span> <span class='ocrx_word' id='word_1_97' title='bbox 486 618 556 637; x_wconf 65' lang='lat' dir='ltr'>Sedena</span> <span class='ocrx_word' id='word_1_98' title='bbox 571 619 647 641; x_wconf 88' lang='lat' dir='ltr'>studio,</span> <span class='ocrx_word' id='word_1_99' title='bbox 663 624 712 643; x_wconf 85' lang='lat' dir='ltr'>quae</span> <span class='ocrx_word' id='word_1_100' title='bbox 726 622 744 637; x_wconf 89' lang='lat' dir='ltr'>et</span> <span class='ocrx_word' id='word_1_101' title='bbox 758 622 823 637; x_wconf 84' lang='lat' dir='ltr'>nostra</span> <span class='ocrx_word' id='word_1_102' title='bbox 838 622 855 637; x_wconf 89' lang='lat' dir='ltr'>et</span> <span class='ocrx_word' id='word_1_103' title='bbox 870 618 925 637; x_wconf 89' lang='lat' dir='ltr'>Sedis</span> <span class='ocrx_word' id='word_1_104' title='bbox 944 618 1004 643; x_wconf 84' lang='lat' dir='ltr'>ipsius</span> <span class='ocrx_word' id='word_1_105' title='bbox 1024 618 1115 637; x_wconf 82' lang='lat' dir='ltr'>interesse</span> 
     </span>
     <span class='ocr_line' id='line_1_12' title="bbox 178 648 1115 674; baseline 0.001 -7"><span class='ocrx_word' id='word_1_106' title='bbox 178 649 293 667; x_wconf 77' lang='lat' dir='ltr'>existimavi.</span> <span class='ocrx_word' id='word_1_107' title='bbox 318 649 429 667; x_wconf 81' lang='lat' dir='ltr'>Meminisse</span> <span class='ocrx_word' id='word_1_108' title='bbox 448 649 495 668; x_wconf 86' lang='lat' dir='ltr'>haec</span> <span class='ocrx_word' id='word_1_109' title='bbox 516 653 534 668; x_wconf 91' lang='lat' dir='ltr'>et</span> <span class='ocrx_word' id='word_1_110' title='bbox 548 653 609 668; x_wconf 81' lang='lat' dir='ltr'>cetera</span> <span class='ocrx_word' id='word_1_111' title='bbox 630 650 653 668; x_wconf 84' lang='lat' dir='ltr'>R.</span> <span class='ocrx_word' id='word_1_112' title='bbox 673 649 764 668; x_wconf 80' lang='lat' dir='ltr'>Dtionem</span> <span class='ocrx_word' id='word_1_113' title='bbox 780 649 802 668; x_wconf 87' lang='lat' dir='ltr'>V.</span> <span class='ocrx_word' id='word_1_114' title='bbox 822 649 910 668; x_wconf 81' lang='lat' dir='ltr'>arbitror.</span> <span class='ocrx_word' id='word_1_115' title='bbox 934 649 987 672; x_wconf 87' lang='lat' dir='ltr'>Quid</span> <span class='ocrx_word' id='word_1_116' title='bbox 1007 649 1028 668; x_wconf 81' lang='lat' dir='ltr'>fit</span> <span class='ocrx_word' id='word_1_117' title='bbox 1047 648 1115 674; x_wconf 85' lang='lat' dir='ltr'>igitur?</span> 
     </span>
     <span class='ocr_line' id='line_1_13' title="bbox 178 679 1115 705; baseline 0.001 -7"><span class='ocrx_word' id='word_1_118' title='bbox 178 680 244 702; x_wconf 86' lang='lat' dir='ltr'>Quem</span> <span class='ocrx_word' id='word_1_119' title='bbox 260 679 289 698; x_wconf 81' lang='lat' dir='ltr'>hic</span> <span class='ocrx_word' id='word_1_120' title='bbox 304 680 432 698; x_wconf 79' lang='lat' dir='ltr'>hominumue</span> <span class='ocrx_word' id='word_1_121' title='bbox 446 686 470 698; x_wconf 79' lang='lat' dir='ltr'>an</span> <span class='ocrx_word' id='word_1_122' title='bbox 485 680 586 705; x_wconf 80' lang='lat' dir='ltr'>geniorum</span> <span class='ocrx_word' id='word_1_123' title='bbox 601 687 688 700; x_wconf 85' lang='lat' dir='ltr'>accusem</span> <span class='ocrx_word' id='word_1_124' title='bbox 703 681 773 699; x_wconf 87' lang='lat' dir='ltr'>nescio.</span> <span class='ocrx_word' id='word_1_125' title='bbox 794 680 833 699; x_wconf 88' lang='lat' dir='ltr'>Sed</span> <span class='ocrx_word' id='word_1_126' title='bbox 847 685 910 699; x_wconf 79' lang='lat' dir='ltr'>tamen</span> <span class='ocrx_word' id='word_1_127' title='bbox 926 680 1013 705; x_wconf 83' lang='lat' dir='ltr'>quisquis</span> <span class='ocrx_word' id='word_1_128' title='bbox 1028 680 1059 699; x_wconf 88' lang='lat' dir='ltr'>ille</span> <span class='ocrx_word' id='word_1_129' title='bbox 1073 680 1115 704; x_wconf 68' lang='lat' dir='ltr'>fuit,</span> 
     </span>
     <span class='ocr_line' id='line_1_14' title="bbox 178 711 1115 736; baseline 0.001 -7"><span class='ocrx_word' id='word_1_130' title='bbox 178 711 212 736; x_wconf 86' lang='lat' dir='ltr'>qui</span> <span class='ocrx_word' id='word_1_131' title='bbox 228 711 275 730; x_wconf 84' lang='lat' dir='ltr'>haec</span> <span class='ocrx_word' id='word_1_132' title='bbox 289 711 313 729; x_wconf 84' lang='lat' dir='ltr'>ab</span> <span class='ocrx_word' id='word_1_133' title='bbox 327 711 402 736; x_wconf 85' lang='lat' dir='ltr'>optimo</span> <span class='ocrx_word' id='word_1_134' title='bbox 416 718 461 730; x_wconf 88' lang='lat' dir='ltr'>meo</span> <span class='ocrx_word' id='word_1_135' title='bbox 475 712 541 730; x_wconf 85' lang='lat' dir='ltr'>animo</span> <span class='ocrx_word' id='word_1_136' title='bbox 561 712 656 736; x_wconf 83' lang='lat' dir='ltr'>prosecta,</span> <span class='ocrx_word' id='word_1_137' title='bbox 676 716 695 730; x_wconf 86' lang='lat' dir='ltr'>et</span> <span class='ocrx_word' id='word_1_138' title='bbox 708 712 734 730; x_wconf 87' lang='lat' dir='ltr'>ob</span> <span class='ocrx_word' id='word_1_139' title='bbox 749 712 804 730; x_wconf 90' lang='lat' dir='ltr'>Sedis</span> <span class='ocrx_word' id='word_1_140' title='bbox 818 712 873 730; x_wconf 90' lang='lat' dir='ltr'>istius</span> <span class='ocrx_word' id='word_1_141' title='bbox 891 712 1016 730; x_wconf 82' lang='lat' dir='ltr'>reverentiam</span> <span class='ocrx_word' id='word_1_142' title='bbox 1036 712 1115 730; x_wconf 77' lang='lat' dir='ltr'>celanda</span> 
     </span>
     <span class='ocr_line' id='line_1_15' title="bbox 178 742 1115 768; baseline 0 -7"><span class='ocrx_word' id='word_1_143' title='bbox 178 742 307 767; x_wconf 84' lang='lat' dir='ltr'>divulgaverit</span> <span class='ocrx_word' id='word_1_144' title='bbox 318 743 341 761; x_wconf 87' lang='lat' dir='ltr'>ad</span> <span class='ocrx_word' id='word_1_145' title='bbox 354 749 429 767; x_wconf 87' lang='lat' dir='ltr'>nosque</span> <span class='ocrx_word' id='word_1_146' title='bbox 444 743 480 761; x_wconf 87' lang='lat' dir='ltr'>huc</span> <span class='ocrx_word' id='word_1_147' title='bbox 495 743 600 768; x_wconf 78' lang='lat' dir='ltr'>pertulerit,</span> <span class='ocrx_word' id='word_1_148' title='bbox 615 749 638 762; x_wconf 90' lang='lat' dir='ltr'>ne</span> <span class='ocrx_word' id='word_1_149' title='bbox 651 743 666 762; x_wconf 88' lang='lat' dir='ltr'>is</span> <span class='ocrx_word' id='word_1_150' title='bbox 681 743 728 762; x_wconf 85' lang='lat' dir='ltr'>mihi</span> <span class='ocrx_word' id='word_1_151' title='bbox 743 749 782 762; x_wconf 90' lang='lat' dir='ltr'>non</span> <span class='ocrx_word' id='word_1_152' title='bbox 797 743 871 768; x_wconf 87' lang='lat' dir='ltr'>optime</span> <span class='ocrx_word' id='word_1_153' title='bbox 883 743 906 762; x_wconf 87' lang='lat' dir='ltr'>de</span> <span class='ocrx_word' id='word_1_154' title='bbox 918 743 967 761; x_wconf 87' lang='lat' dir='ltr'>Sede</span> <span class='ocrx_word' id='word_1_155' title='bbox 979 743 1014 761; x_wconf 87' lang='lat' dir='ltr'>ista</span> <span class='ocrx_word' id='word_1_156' title='bbox 1026 742 1115 761; x_wconf 86' lang='lat' dir='ltr'>Romana</span> 
     </span>
     <span class='ocr_line' id='line_1_16' title="bbox 178 774 1115 799; baseline 0 -7"><span class='ocrx_word' id='word_1_157' title='bbox 178 774 261 792; x_wconf 85' lang='lat' dir='ltr'>meritus</span> <span class='ocrx_word' id='word_1_158' title='bbox 283 780 323 792; x_wconf 87' lang='lat' dir='ltr'>esse</span> <span class='ocrx_word' id='word_1_159' title='bbox 345 774 426 792; x_wconf 74' lang='lat' dir='ltr'>videtur.</span> <span class='ocrx_word' id='word_1_160' title='bbox 450 774 573 799; x_wconf 79' lang='lat' dir='ltr'>Divulgatum</span> <span class='ocrx_word' id='word_1_161' title='bbox 588 778 616 793; x_wconf 81' lang='lat' dir='ltr'>est</span> <span class='ocrx_word' id='word_1_162' title='bbox 635 775 686 793; x_wconf 88' lang='lat' dir='ltr'>enim</span> <span class='ocrx_word' id='word_1_163' title='bbox 705 778 768 793; x_wconf 88' lang='lat' dir='ltr'>totum</span> <span class='ocrx_word' id='word_1_164' title='bbox 782 778 801 793; x_wconf 89' lang='lat' dir='ltr'>et</span> <span class='ocrx_word' id='word_1_165' title='bbox 815 774 838 792; x_wconf 85' lang='lat' dir='ltr'>ad</span> <span class='ocrx_word' id='word_1_166' title='bbox 858 774 962 793; x_wconf 88' lang='lat' dir='ltr'>nonnullos</span> <span class='ocrx_word' id='word_1_167' title='bbox 985 774 1022 793; x_wconf 79' lang='lat' dir='ltr'>huc</span> <span class='ocrx_word' id='word_1_168' title='bbox 1042 774 1115 793; x_wconf 80' lang='lat' dir='ltr'>ordinis</span> 
     </span>
     <span class='ocr_line' id='line_1_17' title="bbox 178 805 1114 830; baseline 0 -6"><span class='ocrx_word' id='word_1_169' title='bbox 178 805 277 830; x_wconf 76' lang='lat' dir='ltr'>prophani</span> <span class='ocrx_word' id='word_1_170' title='bbox 289 805 339 823; x_wconf 89' lang='lat' dir='ltr'>viros</span> <span class='ocrx_word' id='word_1_171' title='bbox 351 805 451 829; x_wconf 89' lang='lat' dir='ltr'>primarios</span> <span class='ocrx_word' id='word_1_172' title='bbox 466 805 567 830; x_wconf 67' lang='lat' dir='ltr'>perlatum,</span> <span class='ocrx_word' id='word_1_173' title='bbox 582 812 623 824; x_wconf 85' lang='lat' dir='ltr'>esse</span> <span class='ocrx_word' id='word_1_174' title='bbox 635 806 730 830; x_wconf 85' lang='lat' dir='ltr'>quosdam</span> <span class='ocrx_word' id='word_1_175' title='bbox 745 806 805 824; x_wconf 87' lang='lat' dir='ltr'>nostri</span> <span class='ocrx_word' id='word_1_176' title='bbox 820 806 893 824; x_wconf 85' lang='lat' dir='ltr'>ordinis</span> <span class='ocrx_word' id='word_1_177' title='bbox 906 812 941 830; x_wconf 89' lang='lat' dir='ltr'>per</span> <span class='ocrx_word' id='word_1_178' title='bbox 949 811 980 824; x_wconf 89' lang='lat' dir='ltr'>me</span> <span class='ocrx_word' id='word_1_179' title='bbox 989 809 1007 824; x_wconf 81' lang='lat' dir='ltr'>et</span> <span class='ocrx_word' id='word_1_180' title='bbox 1016 805 1040 824; x_wconf 87' lang='lat' dir='ltr'>R.</span> <span class='ocrx_word' id='word_1_181' title='bbox 1049 805 1114 824; x_wconf 90' lang='lat' dir='ltr'>Dnum</span> 
     </span>
     <span class='ocr_line' id='line_1_18' title="bbox 179 835 1115 861; baseline 0 -6"><span class='ocrx_word' id='word_1_182' title='bbox 179 835 314 855; x_wconf 81' lang='lat' dir='ltr'>Gnesnensem</span> <span class='ocrx_word' id='word_1_183' title='bbox 334 836 508 861; x_wconf 80' lang='lat' dir='ltr'>Archiepiscopum</span> <span class='ocrx_word' id='word_1_184' title='bbox 522 836 546 855; x_wconf 79' lang='lat' dir='ltr'>ad</span> <span class='ocrx_word' id='word_1_185' title='bbox 561 836 632 855; x_wconf 87' lang='lat' dir='ltr'>Sedem</span> <span class='ocrx_word' id='word_1_186' title='bbox 652 836 706 855; x_wconf 81' lang='lat' dir='ltr'>isram</span> <span class='ocrx_word' id='word_1_187' title='bbox 721 836 801 855; x_wconf 79' lang='lat' dir='ltr'>delatos.</span> <span class='ocrx_word' id='word_1_188' title='bbox 824 836 846 855; x_wconf 88' lang='lat' dir='ltr'>ln</span> <span class='ocrx_word' id='word_1_189' title='bbox 860 843 900 861; x_wconf 90' lang='lat' dir='ltr'>quo</span> <span class='ocrx_word' id='word_1_190' title='bbox 915 842 1025 861; x_wconf 74' lang='lat' dir='ltr'>quanquam</span> <span class='ocrx_word' id='word_1_191' title='bbox 1040 842 1060 855; x_wconf 84' lang='lat' dir='ltr'>re</span> <span class='ocrx_word' id='word_1_192' title='bbox 1074 836 1115 861; x_wconf 81' lang='lat' dir='ltr'>ipsa</span> 
     </span>
     <span class='ocr_line' id='line_1_19' title="bbox 178 867 1114 892; baseline 0 -6"><span class='ocrx_word' id='word_1_193' title='bbox 178 873 250 892; x_wconf 85' lang='lat' dir='ltr'>parum</span> <span class='ocrx_word' id='word_1_194' title='bbox 264 873 353 891; x_wconf 78' lang='lat' dir='ltr'>moveor,</span> <span class='ocrx_word' id='word_1_195' title='bbox 374 873 436 892; x_wconf 86' lang='lat' dir='ltr'>neque</span> <span class='ocrx_word' id='word_1_196' title='bbox 451 868 502 886; x_wconf 86' lang='lat' dir='ltr'>enim</span> <span class='ocrx_word' id='word_1_197' title='bbox 524 868 627 892; x_wconf 88' lang='lat' dir='ltr'>quicquam</span> <span class='ocrx_word' id='word_1_198' title='bbox 647 867 724 892; x_wconf 79' lang='lat' dir='ltr'>scripsi.</span> <span class='ocrx_word' id='word_1_199' title='bbox 745 868 797 892; x_wconf 86' lang='lat' dir='ltr'>quod</span> <span class='ocrx_word' id='word_1_200' title='bbox 812 871 845 886; x_wconf 79' lang='lat' dir='ltr'>aut</span> <span class='ocrx_word' id='word_1_201' title='bbox 859 868 965 886; x_wconf 80' lang='lat' dir='ltr'>modestiae</span> <span class='ocrx_word' id='word_1_202' title='bbox 986 867 1033 886; x_wconf 79' lang='lat' dir='ltr'>fines</span> <span class='ocrx_word' id='word_1_203' title='bbox 1047 867 1114 886; x_wconf 84' lang='lat' dir='ltr'>transi-</span> 
     </span>
     <span class='ocr_line' id='line_1_20' title="bbox 178 898 1115 923; baseline 0 -6"><span class='ocrx_word' id='word_1_204' title='bbox 178 898 242 920; x_wconf 84' lang='lat' dir='ltr'>liisse.</span> <span class='ocrx_word' id='word_1_205' title='bbox 262 902 295 917; x_wconf 87' lang='lat' dir='ltr'>aut</span> <span class='ocrx_word' id='word_1_206' title='bbox 309 899 422 923; x_wconf 77' lang='lat' dir='ltr'>cujusquam</span> <span class='ocrx_word' id='word_1_207' title='bbox 438 898 522 917; x_wconf 89' lang='lat' dir='ltr'>hominis</span> <span class='ocrx_word' id='word_1_208' title='bbox 536 899 604 917; x_wconf 89' lang='lat' dir='ltr'>odium</span> <span class='ocrx_word' id='word_1_209' title='bbox 618 899 733 917; x_wconf 89' lang='lat' dir='ltr'>invidiamve</span> <span class='ocrx_word' id='word_1_210' title='bbox 748 905 793 923; x_wconf 80' lang='lat' dir='ltr'>prae</span> <span class='ocrx_word' id='word_1_211' title='bbox 807 905 827 917; x_wconf 86' lang='lat' dir='ltr'>se</span> <span class='ocrx_word' id='word_1_212' title='bbox 842 899 898 921; x_wconf 87' lang='lat' dir='ltr'>ferre,</span> <span class='ocrx_word' id='word_1_213' title='bbox 919 903 952 917; x_wconf 84' lang='lat' dir='ltr'>aut</span> <span class='ocrx_word' id='word_1_214' title='bbox 965 899 1047 923; x_wconf 82' lang='lat' dir='ltr'>aliquid,</span> <span class='ocrx_word' id='word_1_215' title='bbox 1062 898 1115 923; x_wconf 87' lang='lat' dir='ltr'>quod</span> 
     </span>
     <span class='ocr_line' id='line_1_21' title="bbox 178 929 1115 954; baseline 0 -6"><span class='ocrx_word' id='word_1_216' title='bbox 178 936 220 948; x_wconf 86' lang='lat' dir='ltr'>non</span> <span class='ocrx_word' id='word_1_217' title='bbox 235 930 310 952; x_wconf 81' lang='lat' dir='ltr'>deceat,</span> <span class='ocrx_word' id='word_1_218' title='bbox 331 930 417 948; x_wconf 83' lang='lat' dir='ltr'>redolere</span> <span class='ocrx_word' id='word_1_219' title='bbox 431 930 527 952; x_wconf 79' lang='lat' dir='ltr'>videatur¹</span> <span class='ocrx_word' id='word_1_220' title='bbox 543 936 577 948; x_wconf 89' lang='lat' dir='ltr'>nec</span> <span class='ocrx_word' id='word_1_221' title='bbox 592 936 641 954; x_wconf 80' lang='lat' dir='ltr'>quae</span> <span class='ocrx_word' id='word_1_222' title='bbox 655 930 732 954; x_wconf 68' lang='lat' dir='ltr'>scripsiy</span> <span class='ocrx_word' id='word_1_223' title='bbox 751 935 836 954; x_wconf 87' lang='lat' dir='ltr'>unquam</span> <span class='ocrx_word' id='word_1_224' title='bbox 852 929 962 953; x_wconf 86' lang='lat' dir='ltr'>inficiabor,</span> <span class='ocrx_word' id='word_1_225' title='bbox 979 933 997 948; x_wconf 82' lang='lat' dir='ltr'>et</span> <span class='ocrx_word' id='word_1_226' title='bbox 1012 929 1064 948; x_wconf 81' lang='lat' dir='ltr'>facile</span> <span class='ocrx_word' id='word_1_227' title='bbox 1079 936 1115 954; x_wconf 91' lang='lat' dir='ltr'>pro</span> 
     </span>
     <span class='ocr_line' id='line_1_22' title="bbox 179 960 1114 985; baseline 0 -6"><span class='ocrx_word' id='word_1_228' title='bbox 179 967 223 980; x_wconf 85' lang='lat' dir='ltr'>rnea</span> <span class='ocrx_word' id='word_1_229' title='bbox 238 961 257 979; x_wconf 93' lang='lat' dir='ltr'>in</span> <span class='ocrx_word' id='word_1_230' title='bbox 273 960 343 979; x_wconf 84' lang='lat' dir='ltr'>Sedem</span> <span class='ocrx_word' id='word_1_231' title='bbox 364 961 412 979; x_wconf 79' lang='lat' dir='ltr'>hanc</span> <span class='ocrx_word' id='word_1_232' title='bbox 432 961 552 979; x_wconf 77' lang='lat' dir='ltr'>observantia</span> <span class='ocrx_word' id='word_1_233' title='bbox 574 961 636 985; x_wconf 82' lang='lat' dir='ltr'>patiar</span> <span class='ocrx_word' id='word_1_234' title='bbox 660 965 731 979; x_wconf 82' lang='lat' dir='ltr'>temere</span> <span class='ocrx_word' id='word_1_235' title='bbox 751 961 797 979; x_wconf 84' lang='lat' dir='ltr'>mihi</span> <span class='ocrx_word' id='word_1_236' title='bbox 816 961 881 984; x_wconf 73' lang='lat' dir='ltr'>irasci,</span> <span class='ocrx_word' id='word_1_237' title='bbox 903 961 936 985; x_wconf 93' lang='lat' dir='ltr'>qui</span> <span class='ocrx_word' id='word_1_238' title='bbox 956 961 1007 979; x_wconf 85' lang='lat' dir='ltr'>volet</span> <span class='ocrx_word' id='word_1_239' title='bbox 1026 967 1114 980; x_wconf 87' lang='lat' dir='ltr'>meorum</span> 
     </span>
     <span class='ocr_line' id='line_1_23' title="bbox 178 992 1114 1017; baseline 0 -7"><span class='ocrx_word' id='word_1_240' title='bbox 178 992 297 1017; x_wconf 68' lang='lat' dir='ltr'>aequalium,</span> <span class='ocrx_word' id='word_1_241' title='bbox 311 996 332 1010; x_wconf 89' lang='lat' dir='ltr'>ut</span> <span class='ocrx_word' id='word_1_242' title='bbox 341 992 437 1011; x_wconf 77' lang='lat' dir='ltr'>irascatur.</span> <span class='ocrx_word' id='word_1_243' title='bbox 453 992 491 1010; x_wconf 73' lang='lat' dir='ltr'>Sed</span> <span class='ocrx_word' id='word_1_244' title='bbox 503 996 567 1010; x_wconf 83' lang='lat' dir='ltr'>tamen</span> <span class='ocrx_word' id='word_1_245' title='bbox 583 992 701 1016; x_wconf 74' lang='lat' dir='ltr'>malignitate</span> <span class='ocrx_word' id='word_1_246' title='bbox 715 992 769 1010; x_wconf 87' lang='lat' dir='ltr'>istius</span> <span class='ocrx_word' id='word_1_247' title='bbox 784 992 878 1012; x_wconf 83' lang='lat' dir='ltr'>hominis.</span> <span class='ocrx_word' id='word_1_248' title='bbox 892 992 924 1016; x_wconf 90' lang='lat' dir='ltr'>qui</span> <span class='ocrx_word' id='word_1_249' title='bbox 937 998 976 1010; x_wconf 87' lang='lat' dir='ltr'>rern</span> <span class='ocrx_word' id='word_1_250' title='bbox 990 992 1081 1016; x_wconf 78' lang='lat' dir='ltr'>produxit</span> <span class='ocrx_word' id='word_1_251' title='bbox 1095 992 1114 1010; x_wconf 93' lang='lat' dir='ltr'>in</span> 
     </span>
     <span class='ocr_line' id='line_1_24' title="bbox 179 1023 1114 1048; baseline 0.001 -7"><span class='ocrx_word' id='word_1_252' title='bbox 179 1027 278 1048; x_wconf 72' lang='lat' dir='ltr'>apertum,</span> <span class='ocrx_word' id='word_1_253' title='bbox 298 1029 381 1047; x_wconf 88' lang='lat' dir='ltr'>cumque</span> <span class='ocrx_word' id='word_1_254' title='bbox 396 1029 415 1041; x_wconf 85' lang='lat' dir='ltr'>re</span> <span class='ocrx_word' id='word_1_255' title='bbox 430 1023 470 1047; x_wconf 79' lang='lat' dir='ltr'>ipsa</span> <span class='ocrx_word' id='word_1_256' title='bbox 490 1023 547 1041; x_wconf 90' lang='lat' dir='ltr'>simul</span> <span class='ocrx_word' id='word_1_257' title='bbox 567 1029 621 1041; x_wconf 89' lang='lat' dir='ltr'>suam</span> <span class='ocrx_word' id='word_1_258' title='bbox 642 1023 726 1047; x_wconf 83' lang='lat' dir='ltr'>prodidit</span> <span class='ocrx_word' id='word_1_259' title='bbox 746 1023 831 1041; x_wconf 85' lang='lat' dir='ltr'>fraudem</span> <span class='ocrx_word' id='word_1_260' title='bbox 852 1027 870 1041; x_wconf 88' lang='lat' dir='ltr'>et</span> <span class='ocrx_word' id='word_1_261' title='bbox 885 1023 1049 1046; x_wconf 78' lang='lat' dir='ltr'>malevolentiam,</span> <span class='ocrx_word' id='word_1_262' title='bbox 1075 1029 1114 1042; x_wconf 92' lang='lat' dir='ltr'>non</span> 
     </span>
     <span class='ocr_line' id='line_1_25' title="bbox 179 1054 1115 1079; baseline 0 -7"><span class='ocrx_word' id='word_1_263' title='bbox 179 1060 261 1079; x_wconf 82' lang='lat' dir='ltr'>possum</span> <span class='ocrx_word' id='word_1_264' title='bbox 277 1060 315 1073; x_wconf 91' lang='lat' dir='ltr'>non</span> <span class='ocrx_word' id='word_1_265' title='bbox 330 1055 454 1073; x_wconf 84' lang='lat' dir='ltr'>vehementer</span> <span class='ocrx_word' id='word_1_266' title='bbox 468 1054 593 1072; x_wconf 80' lang='lat' dir='ltr'>commoveri.</span> <span class='ocrx_word' id='word_1_267' title='bbox 609 1054 742 1076; x_wconf 83' lang='lat' dir='ltr'>Quamobrem</span> <span class='ocrx_word' id='word_1_268' title='bbox 758 1060 768 1072; x_wconf 85' lang='lat' dir='ltr'>n</span> <span class='ocrx_word' id='word_1_269' title='bbox 783 1054 805 1072; x_wconf 92' lang='lat' dir='ltr'>V.</span> <span class='ocrx_word' id='word_1_270' title='bbox 821 1054 843 1072; x_wconf 96' lang='lat' dir='ltr'>R.</span> <span class='ocrx_word' id='word_1_271' title='bbox 859 1054 929 1072; x_wconf 85' lang='lat' dir='ltr'>Dtione</span> <span class='ocrx_word' id='word_1_272' title='bbox 944 1058 989 1078; x_wconf 85' lang='lat' dir='ltr'>peto</span> <span class='ocrx_word' id='word_1_273' title='bbox 1003 1058 1022 1072; x_wconf 86' lang='lat' dir='ltr'>et</span> <span class='ocrx_word' id='word_1_274' title='bbox 1036 1060 1115 1079; x_wconf 82' lang='lat' dir='ltr'>quaeso,</span> 
     </span>
     <span class='ocr_line' id='line_1_26' title="bbox 179 1084 1114 1110; baseline -0.001 -6"><span class='ocrx_word' id='word_1_275' title='bbox 179 1086 204 1104; x_wconf 89' lang='lat' dir='ltr'>de</span> <span class='ocrx_word' id='word_1_276' title='bbox 218 1091 243 1104; x_wconf 91' lang='lat' dir='ltr'>eo</span> <span class='ocrx_word' id='word_1_277' title='bbox 257 1089 278 1104; x_wconf 86' lang='lat' dir='ltr'>ut</span> <span class='ocrx_word' id='word_1_278' title='bbox 292 1085 363 1110; x_wconf 89' lang='lat' dir='ltr'>inquiri</span> <span class='ocrx_word' id='word_1_279' title='bbox 383 1086 457 1109; x_wconf 80' lang='lat' dir='ltr'>jubeat,</span> <span class='ocrx_word' id='word_1_280' title='bbox 471 1085 540 1110; x_wconf 83' lang='lat' dir='ltr'>dignus</span> <span class='ocrx_word' id='word_1_281' title='bbox 555 1088 582 1104; x_wconf 82' lang='lat' dir='ltr'>est</span> <span class='ocrx_word' id='word_1_282' title='bbox 597 1085 647 1103; x_wconf 86' lang='lat' dir='ltr'>enim</span> <span class='ocrx_word' id='word_1_283' title='bbox 663 1084 752 1108; x_wconf 77' lang='lat' dir='ltr'>fortassis,</span> <span class='ocrx_word' id='word_1_284' title='bbox 767 1085 786 1103; x_wconf 90' lang='lat' dir='ltr'>in</span> <span class='ocrx_word' id='word_1_285' title='bbox 801 1091 857 1109; x_wconf 89' lang='lat' dir='ltr'>quem</span> <span class='ocrx_word' id='word_1_286' title='bbox 872 1085 1039 1103; x_wconf 72' lang='lat' dir='ltr'>animadvertatur.</span> <span class='ocrx_word' id='word_1_287' title='bbox 1060 1085 1114 1104; x_wconf 88' lang='lat' dir='ltr'>Men·-</span> 
     </span>
     <span class='ocr_line' id='line_1_27' title="bbox 179 1115 1114 1141; baseline -0.001 -6"><span class='ocrx_word' id='word_1_288' title='bbox 179 1122 209 1136; x_wconf 75' lang='lat' dir='ltr'>ses</span> <span class='ocrx_word' id='word_1_289' title='bbox 224 1122 264 1135; x_wconf 91' lang='lat' dir='ltr'>non</span> <span class='ocrx_word' id='word_1_290' title='bbox 279 1117 364 1141; x_wconf 83' lang='lat' dir='ltr'>potuisse</span> <span class='ocrx_word' id='word_1_291' title='bbox 378 1123 388 1135; x_wconf 80' lang='lat' dir='ltr'>a</span> <span class='ocrx_word' id='word_1_292' title='bbox 403 1116 451 1135; x_wconf 87' lang='lat' dir='ltr'>meis</span> <span class='ocrx_word' id='word_1_293' title='bbox 466 1116 595 1139; x_wconf 79' lang='lat' dir='ltr'>redimi‚&#39;auri</span> <span class='ocrx_word' id='word_1_294' title='bbox 610 1116 696 1140; x_wconf 81' lang='lat' dir='ltr'>inopiam</span> <span class='ocrx_word' id='word_1_295' title='bbox 711 1116 731 1134; x_wconf 92' lang='lat' dir='ltr'>in</span> <span class='ocrx_word' id='word_1_296' title='bbox 746 1115 887 1134; x_wconf 80' lang='lat' dir='ltr'>excusationem</span> <span class='ocrx_word' id='word_1_297' title='bbox 902 1116 1049 1138; x_wconf 74' lang='lat' dir='ltr'>adducentibus,</span> <span class='ocrx_word' id='word_1_298' title='bbox 1069 1116 1114 1135; x_wconf 87' lang='lat' dir='ltr'>scri-</span> 
     </span>
     <span class='ocr_line' id='line_1_28' title="bbox 180 1147 1114 1172; baseline -0.001 -6"><span class='ocrx_word' id='word_1_299' title='bbox 180 1148 208 1166; x_wconf 88' lang='lat' dir='ltr'>bit</span> <span class='ocrx_word' id='word_1_300' title='bbox 223 1148 247 1166; x_wconf 88' lang='lat' dir='ltr'>R.</span> <span class='ocrx_word' id='word_1_301' title='bbox 262 1147 307 1166; x_wconf 90' lang='lat' dir='ltr'>Dtio</span> <span class='ocrx_word' id='word_1_302' title='bbox 321 1147 343 1166; x_wconf 88' lang='lat' dir='ltr'>V.</span> <span class='ocrx_word' id='word_1_303' title='bbox 358 1147 469 1172; x_wconf 85' lang='lat' dir='ltr'>Cogitaram</span> <span class='ocrx_word' id='word_1_304' title='bbox 484 1154 529 1166; x_wconf 83' lang='lat' dir='ltr'>sane</span> <span class='ocrx_word' id='word_1_305' title='bbox 544 1147 640 1172; x_wconf 81' lang='lat' dir='ltr'>privatum</span> <span class='ocrx_word' id='word_1_306' title='bbox 661 1147 701 1172; x_wconf 81' lang='lat' dir='ltr'>ejus</span> <span class='ocrx_word' id='word_1_307' title='bbox 719 1147 746 1166; x_wconf 89' lang='lat' dir='ltr'>rei</span> <span class='ocrx_word' id='word_1_308' title='bbox 764 1147 907 1166; x_wconf 81' lang='lat' dir='ltr'>internuncium</span> <span class='ocrx_word' id='word_1_309' title='bbox 925 1147 1024 1172; x_wconf 83' lang='lat' dir='ltr'>designare</span> <span class='ocrx_word' id='word_1_310' title='bbox 1044 1147 1114 1166; x_wconf 85' lang='lat' dir='ltr'>isthuc-</span> 
     </span>
     <span class='ocr_line' id='line_1_29' title="bbox 179 1178 1114 1204; baseline 0 -7"><span class='ocrx_word' id='word_1_311' title='bbox 179 1185 218 1204; x_wconf 88' lang='lat' dir='ltr'>que</span> <span class='ocrx_word' id='word_1_312' title='bbox 233 1179 319 1201; x_wconf 84' lang='lat' dir='ltr'>mittere,</span> <span class='ocrx_word' id='word_1_313' title='bbox 340 1179 373 1203; x_wconf 90' lang='lat' dir='ltr'>qui</span> <span class='ocrx_word' id='word_1_314' title='bbox 388 1179 450 1197; x_wconf 85' lang='lat' dir='ltr'>verbis</span> <span class='ocrx_word' id='word_1_315' title='bbox 470 1179 539 1197; x_wconf 88' lang='lat' dir='ltr'>nostris</span> <span class='ocrx_word' id='word_1_316' title='bbox 559 1183 577 1197; x_wconf 89' lang='lat' dir='ltr'>ct</span> <span class='ocrx_word' id='word_1_317' title='bbox 596 1179 681 1197; x_wconf 87' lang='lat' dir='ltr'>studium</span> <span class='ocrx_word' id='word_1_318' title='bbox 702 1178 882 1203; x_wconf 79' lang='lat' dir='ltr'>observantiamque</span> <span class='ocrx_word' id='word_1_319' title='bbox 897 1178 915 1196; x_wconf 93' lang='lat' dir='ltr'>in</span> <span class='ocrx_word' id='word_1_320' title='bbox 931 1178 1020 1197; x_wconf 76' lang='lat' dir='ltr'>Sanctam</span> <span class='ocrx_word' id='word_1_321' title='bbox 1044 1178 1114 1197; x_wconf 86' lang='lat' dir='ltr'>Sedem</span> 
     </span>
     <span class='ocr_line' id='line_1_30' title="bbox 180 1210 1114 1235; baseline 0 -7"><span class='ocrx_word' id='word_1_322' title='bbox 180 1214 296 1234; x_wconf 84' lang='lat' dir='ltr'>exponeret,</span> <span class='ocrx_word' id='word_1_323' title='bbox 316 1213 335 1228; x_wconf 86' lang='lat' dir='ltr'>et</span> <span class='ocrx_word' id='word_1_324' title='bbox 350 1210 383 1228; x_wconf 84' lang='lat' dir='ltr'>SS.</span> <span class='ocrx_word' id='word_1_325' title='bbox 398 1210 443 1229; x_wconf 90' lang='lat' dir='ltr'>Dno</span> <span class='ocrx_word' id='word_1_326' title='bbox 458 1210 481 1228; x_wconf 88' lang='lat' dir='ltr'>N.</span> <span class='ocrx_word' id='word_1_327' title='bbox 495 1210 565 1234; x_wconf 78' lang='lat' dir='ltr'>gratias</span> <span class='ocrx_word' id='word_1_328' title='bbox 579 1214 652 1234; x_wconf 82' lang='lat' dir='ltr'>ageret,</span> <span class='ocrx_word' id='word_1_329' title='bbox 673 1210 705 1235; x_wconf 87' lang='lat' dir='ltr'>qui</span> <span class='ocrx_word' id='word_1_330' title='bbox 719 1210 755 1228; x_wconf 86' lang='lat' dir='ltr'>sibi</span> <span class='ocrx_word' id='word_1_331' title='bbox 770 1210 821 1228; x_wconf 87' lang='lat' dir='ltr'>hunc</span> <span class='ocrx_word' id='word_1_332' title='bbox 836 1216 900 1228; x_wconf 90' lang='lat' dir='ltr'>meum</span> <span class='ocrx_word' id='word_1_333' title='bbox 916 1210 1048 1234; x_wconf 82' lang='lat' dir='ltr'>magistratum</span> <span class='ocrx_word' id='word_1_334' title='bbox 1064 1210 1114 1228; x_wconf 87' lang='lat' dir='ltr'>dele-</span> 
     </span>
     <span class='ocr_line' id='line_1_31' title="bbox 179 1241 1115 1266; baseline 0 -7"><span class='ocrx_word' id='word_1_335' title='bbox 179 1241 230 1266; x_wconf 78' lang='lat' dir='ltr'>gisse</span> <span class='ocrx_word' id='word_1_336' title='bbox 244 1241 387 1266; x_wconf 83' lang='lat' dir='ltr'>propemodum</span> <span class='ocrx_word' id='word_1_337' title='bbox 403 1241 487 1264; x_wconf 81' lang='lat' dir='ltr'>videtur,</span> <span class='ocrx_word' id='word_1_338' title='bbox 507 1241 526 1259; x_wconf 94' lang='lat' dir='ltr'>in</span> <span class='ocrx_word' id='word_1_339' title='bbox 541 1247 581 1266; x_wconf 84' lang='lat' dir='ltr'>quo</span> <span class='ocrx_word' id='word_1_340' title='bbox 596 1241 687 1265; x_wconf 83' lang='lat' dir='ltr'>pleraque</span> <span class='ocrx_word' id='word_1_341' title='bbox 701 1241 767 1259; x_wconf 91' lang='lat' dir='ltr'>omnia</span> <span class='ocrx_word' id='word_1_342' title='bbox 787 1245 909 1263; x_wconf 79' lang='lat' dir='ltr'>ornamenta,</span> <span class='ocrx_word' id='word_1_343' title='bbox 929 1247 977 1265; x_wconf 84' lang='lat' dir='ltr'>quae</span> <span class='ocrx_word' id='word_1_344' title='bbox 992 1247 1002 1259; x_wconf 88' lang='lat' dir='ltr'>a</span> <span class='ocrx_word' id='word_1_345' title='bbox 1016 1247 1035 1259; x_wconf 88' lang='lat' dir='ltr'>se</span> <span class='ocrx_word' id='word_1_346' title='bbox 1050 1241 1069 1259; x_wconf 93' lang='lat' dir='ltr'>in</span> <span class='ocrx_word' id='word_1_347' title='bbox 1084 1247 1115 1259; x_wconf 96' lang='lat' dir='ltr'>me</span> 
     </span>
     <span class='ocr_line' id='line_1_32' title="bbox 181 1271 1115 1297; baseline 0 -7"><span class='ocrx_word' id='word_1_348' title='bbox 181 1271 278 1297; x_wconf 78' lang='lat' dir='ltr'>proficisci</span> <span class='ocrx_word' id='word_1_349' title='bbox 298 1276 388 1297; x_wconf 68' lang='lat' dir='ltr'>possunt,</span> <span class='ocrx_word' id='word_1_350' title='bbox 407 1272 531 1297; x_wconf 81' lang='lat' dir='ltr'>appenderet.</span> <span class='ocrx_word' id='word_1_351' title='bbox 553 1272 590 1290; x_wconf 88' lang='lat' dir='ltr'>Sed</span> <span class='ocrx_word' id='word_1_352' title='bbox 606 1278 670 1291; x_wconf 88' lang='lat' dir='ltr'>meum</span> <span class='ocrx_word' id='word_1_353' title='bbox 691 1272 791 1291; x_wconf 87' lang='lat' dir='ltr'>consilium</span> <span class='ocrx_word' id='word_1_354' title='bbox 810 1272 864 1291; x_wconf 83' lang='lat' dir='ltr'>aliter</span> <span class='ocrx_word' id='word_1_355' title='bbox 883 1276 970 1297; x_wconf 84' lang='lat' dir='ltr'>tempora</span> <span class='ocrx_word' id='word_1_356' title='bbox 991 1272 1115 1296; x_wconf 80' lang='lat' dir='ltr'>Reipublicae</span> 
     </span>
     <span class='ocr_line' id='line_1_33' title="bbox 180 1303 1114 1328; baseline 0 -6"><span class='ocrx_word' id='word_1_357' title='bbox 180 1303 320 1328; x_wconf 76' lang='lat' dir='ltr'>gubernarunt,</span> <span class='ocrx_word' id='word_1_358' title='bbox 340 1303 413 1328; x_wconf 76' lang='lat' dir='ltr'>Regem</span> <span class='ocrx_word' id='word_1_359' title='bbox 428 1303 479 1322; x_wconf 90' lang='lat' dir='ltr'>enim</span> <span class='ocrx_word' id='word_1_360' title='bbox 494 1303 513 1322; x_wconf 90' lang='lat' dir='ltr'>in</span> <span class='ocrx_word' id='word_1_361' title='bbox 528 1304 626 1322; x_wconf 78' lang='lat' dir='ltr'>Prussiam</span> <span class='ocrx_word' id='word_1_362' title='bbox 640 1304 676 1322; x_wconf 91' lang='lat' dir='ltr'>sub</span> <span class='ocrx_word' id='word_1_363' title='bbox 692 1304 839 1322; x_wconf 75' lang='lat' dir='ltr'>Petricoviensia</span> <span class='ocrx_word' id='word_1_364' title='bbox 858 1303 940 1322; x_wconf 81' lang='lat' dir='ltr'>Comitia</span> <span class='ocrx_word' id='word_1_365' title='bbox 961 1303 1114 1328; x_wconf 80' lang='lat' dir='ltr'>proficiscentem</span> 
     </span>
     <span class='ocr_line' id='line_1_34' title="bbox 180 1334 1115 1359; baseline 0 -6"><span class='ocrx_word' id='word_1_366' title='bbox 180 1340 224 1353; x_wconf 75' lang='lat' dir='ltr'>sum</span> <span class='ocrx_word' id='word_1_367' title='bbox 246 1339 323 1353; x_wconf 83' lang='lat' dir='ltr'>secutus</span> <span class='ocrx_word' id='word_1_368' title='bbox 342 1335 402 1359; x_wconf 80' lang='lat' dir='ltr'>longo</span> <span class='ocrx_word' id='word_1_369' title='bbox 422 1338 440 1353; x_wconf 90' lang='lat' dir='ltr'>et</span> <span class='ocrx_word' id='word_1_370' title='bbox 463 1334 535 1353; x_wconf 74' lang='lat' dir='ltr'>difficili</span> <span class='ocrx_word' id='word_1_371' title='bbox 555 1335 628 1353; x_wconf 88' lang='lat' dir='ltr'>itinere.</span> <span class='ocrx_word' id='word_1_372' title='bbox 651 1335 715 1353; x_wconf 81' lang='lat' dir='ltr'>Totos</span> <span class='ocrx_word' id='word_1_373' title='bbox 740 1335 778 1359; x_wconf 81' lang='lat' dir='ltr'>jam</span> <span class='ocrx_word' id='word_1_374' title='bbox 798 1341 830 1353; x_wconf 84' lang='lat' dir='ltr'>sex</span> <span class='ocrx_word' id='word_1_375' title='bbox 850 1341 924 1353; x_wconf 89' lang='lat' dir='ltr'>menses</span> <span class='ocrx_word' id='word_1_376' title='bbox 941 1341 951 1353; x_wconf 85' lang='lat' dir='ltr'>a</span> <span class='ocrx_word' id='word_1_377' title='bbox 969 1335 1115 1359; x_wconf 87' lang='lat' dir='ltr'>possesionibus</span> 
     </span>
     <span class='ocr_line' id='line_1_35' title="bbox 180 1366 1115 1391; baseline 0 -7"><span class='ocrx_word' id='word_1_378' title='bbox 180 1366 230 1385; x_wconf 86' lang='lat' dir='ltr'>meis</span> <span class='ocrx_word' id='word_1_379' title='bbox 244 1366 318 1389; x_wconf 76' lang='lat' dir='ltr'>absum,</span> <span class='ocrx_word' id='word_1_380' title='bbox 332 1366 351 1384; x_wconf 93' lang='lat' dir='ltr'>in</span> <span class='ocrx_word' id='word_1_381' title='bbox 366 1372 406 1390; x_wconf 92' lang='lat' dir='ltr'>quo</span> <span class='ocrx_word' id='word_1_382' title='bbox 421 1366 456 1384; x_wconf 90' lang='lat' dir='ltr'>etsi</span> <span class='ocrx_word' id='word_1_383' title='bbox 471 1366 562 1389; x_wconf 81' lang='lat' dir='ltr'>iacturam</span> <span class='ocrx_word' id='word_1_384' title='bbox 576 1372 672 1385; x_wconf 83' lang='lat' dir='ltr'>summam</span> <span class='ocrx_word' id='word_1_385' title='bbox 687 1366 773 1389; x_wconf 81' lang='lat' dir='ltr'>facimus,</span> <span class='ocrx_word' id='word_1_386' title='bbox 788 1370 851 1384; x_wconf 84' lang='lat' dir='ltr'>tamen</span> <span class='ocrx_word' id='word_1_387' title='bbox 864 1366 883 1384; x_wconf 92' lang='lat' dir='ltr'>id</span> <span class='ocrx_word' id='word_1_388' title='bbox 895 1366 931 1384; x_wconf 88' lang='lat' dir='ltr'>hoc</span> <span class='ocrx_word' id='word_1_389' title='bbox 945 1366 1036 1391; x_wconf 84' lang='lat' dir='ltr'>aequiore</span> <span class='ocrx_word' id='word_1_390' title='bbox 1050 1366 1115 1385; x_wconf 84' lang='lat' dir='ltr'>animo</span> 
     </span>
     <span class='ocr_line' id='line_1_36' title="bbox 180 1397 1114 1422; baseline 0 -6"><span class='ocrx_word' id='word_1_391' title='bbox 180 1397 269 1420; x_wconf 83' lang='lat' dir='ltr'>ferimus,</span> <span class='ocrx_word' id='word_1_392' title='bbox 283 1397 335 1422; x_wconf 86' lang='lat' dir='ltr'>quod</span> <span class='ocrx_word' id='word_1_393' title='bbox 350 1397 483 1422; x_wconf 73' lang='lat' dir='ltr'>intelligimus,</span> <span class='ocrx_word' id='word_1_394' title='bbox 503 1397 522 1415; x_wconf 90' lang='lat' dir='ltr'>id</span> <span class='ocrx_word' id='word_1_395' title='bbox 538 1397 573 1415; x_wconf 87' lang='lat' dir='ltr'>Dei</span> <span class='ocrx_word' id='word_1_396' title='bbox 587 1397 682 1416; x_wconf 85' lang='lat' dir='ltr'>Ecclesiae</span> <span class='ocrx_word' id='word_1_397' title='bbox 696 1397 785 1422; x_wconf 74' lang='lat' dir='ltr'>inprimis</span> <span class='ocrx_word' id='word_1_398' title='bbox 799 1398 894 1422; x_wconf 84' lang='lat' dir='ltr'>expedire.</span> <span class='ocrx_word' id='word_1_399' title='bbox 916 1397 1006 1416; x_wconf 72' lang='lat' dir='ltr'>innovari</span> <span class='ocrx_word' id='word_1_400' title='bbox 1021 1397 1051 1416; x_wconf 89' lang='lat' dir='ltr'>hic</span> <span class='ocrx_word' id='word_1_401' title='bbox 1066 1403 1114 1422; x_wconf 90' lang='lat' dir='ltr'>quo-</span> 
     </span>
     <span class='ocr_line' id='line_1_37' title="bbox 180 1428 1114 1453; baseline 0 -6"><span class='ocrx_word' id='word_1_402' title='bbox 180 1434 218 1453; x_wconf 89' lang='lat' dir='ltr'>que</span> <span class='ocrx_word' id='word_1_403' title='bbox 233 1428 329 1453; x_wconf 78' lang='lat' dir='ltr'>quaedam</span> <span class='ocrx_word' id='word_1_404' title='bbox 344 1429 363 1447; x_wconf 92' lang='lat' dir='ltr'>in</span> <span class='ocrx_word' id='word_1_405' title='bbox 378 1428 470 1453; x_wconf 86' lang='lat' dir='ltr'>religione</span> <span class='ocrx_word' id='word_1_406' title='bbox 490 1433 601 1453; x_wconf 80' lang='lat' dir='ltr'>coeperant.</span> <span class='ocrx_word' id='word_1_407' title='bbox 622 1429 655 1447; x_wconf 90' lang='lat' dir='ltr'>sed</span> <span class='ocrx_word' id='word_1_408' title='bbox 670 1428 756 1452; x_wconf 84' lang='lat' dir='ltr'>confido,</span> <span class='ocrx_word' id='word_1_409' title='bbox 777 1429 842 1447; x_wconf 76' lang='lat' dir='ltr'>omnia</span> <span class='ocrx_word' id='word_1_410' title='bbox 857 1429 877 1447; x_wconf 91' lang='lat' dir='ltr'>in</span> <span class='ocrx_word' id='word_1_411' title='bbox 891 1429 986 1453; x_wconf 85' lang='lat' dir='ltr'>integrum</span> <span class='ocrx_word' id='word_1_412' title='bbox 1006 1433 1073 1447; x_wconf 85' lang='lat' dir='ltr'>nostro</span> <span class='ocrx_word' id='word_1_413' title='bbox 1088 1429 1114 1447; x_wconf 88' lang='lat' dir='ltr'>la-</span> 
     </span>
     <span class='ocr_line' id='line_1_38' title="bbox 180 1459 1114 1485; baseline 0 -7"><span class='ocrx_word' id='word_1_414' title='bbox 180 1460 229 1479; x_wconf 86' lang='lat' dir='ltr'>bore</span> <span class='ocrx_word' id='word_1_415' title='bbox 245 1464 264 1478; x_wconf 86' lang='lat' dir='ltr'>et</span> <span class='ocrx_word' id='word_1_416' title='bbox 277 1459 381 1484; x_wconf 77' lang='lat' dir='ltr'>vigilantia,</span> <span class='ocrx_word' id='word_1_417' title='bbox 396 1460 427 1484; x_wconf 91' lang='lat' dir='ltr'>qui</span> <span class='ocrx_word' id='word_1_418' title='bbox 443 1466 465 1478; x_wconf 84' lang='lat' dir='ltr'>ex</span> <span class='ocrx_word' id='word_1_419' title='bbox 479 1460 580 1485; x_wconf 87' lang='lat' dir='ltr'>Episcopis</span> <span class='ocrx_word' id='word_1_420' title='bbox 595 1460 624 1478; x_wconf 88' lang='lat' dir='ltr'>hic</span> <span class='ocrx_word' id='word_1_421' title='bbox 639 1466 715 1483; x_wconf 85' lang='lat' dir='ltr'>sumus,</span> <span class='ocrx_word' id='word_1_422' title='bbox 733 1460 840 1478; x_wconf 84' lang='lat' dir='ltr'>restitutum</span> <span class='ocrx_word' id='word_1_423' title='bbox 856 1459 884 1478; x_wconf 92' lang='lat' dir='ltr'>iri.</span> <span class='ocrx_word' id='word_1_424' title='bbox 905 1459 953 1478; x_wconf 84' lang='lat' dir='ltr'>Illud</span> <span class='ocrx_word' id='word_1_425' title='bbox 967 1465 1002 1478; x_wconf 88' lang='lat' dir='ltr'>nos</span> <span class='ocrx_word' id='word_1_426' title='bbox 1017 1464 1079 1478; x_wconf 75' lang='lat' dir='ltr'>tamen</span> <span class='ocrx_word' id='word_1_427' title='bbox 1094 1459 1114 1478; x_wconf 91' lang='lat' dir='ltr'>in</span> 
     </span>
     <span class='ocr_line' id='line_1_39' title="bbox 180 1490 1114 1516; baseline -0.001 -6"><span class='ocrx_word' id='word_1_428' title='bbox 180 1497 203 1510; x_wconf 83' lang='lat' dir='ltr'>eo</span> <span class='ocrx_word' id='word_1_429' title='bbox 218 1491 269 1510; x_wconf 77' lang='lat' dir='ltr'>male</span> <span class='ocrx_word' id='word_1_430' title='bbox 283 1491 346 1514; x_wconf 68' lang='lat' dir='ltr'>habet,</span> <span class='ocrx_word' id='word_1_431' title='bbox 362 1492 414 1516; x_wconf 86' lang='lat' dir='ltr'>quod</span> <span class='ocrx_word' id='word_1_432' title='bbox 429 1495 448 1510; x_wconf 79' lang='lat' dir='ltr'>et</span> <span class='ocrx_word' id='word_1_433' title='bbox 461 1498 471 1510; x_wconf 86' lang='lat' dir='ltr'>a</span> <span class='ocrx_word' id='word_1_434' title='bbox 486 1491 540 1510; x_wconf 87' lang='lat' dir='ltr'>vobis</span> <span class='ocrx_word' id='word_1_435' title='bbox 555 1492 632 1516; x_wconf 85' lang='lat' dir='ltr'>longius</span> <span class='ocrx_word' id='word_1_436' title='bbox 647 1492 745 1514; x_wconf 72' lang='lat' dir='ltr'>absumus,</span> <span class='ocrx_word' id='word_1_437' title='bbox 760 1495 778 1510; x_wconf 82' lang='lat' dir='ltr'>et</span> <span class='ocrx_word' id='word_1_438' title='bbox 792 1497 849 1516; x_wconf 90' lang='lat' dir='ltr'>quam</span> <span class='ocrx_word' id='word_1_439' title='bbox 864 1491 965 1513; x_wconf 78' lang='lat' dir='ltr'>vellemus,</span> <span class='ocrx_word' id='word_1_440' title='bbox 979 1490 1039 1509; x_wconf 89' lang='lat' dir='ltr'>animi</span> <span class='ocrx_word' id='word_1_441' title='bbox 1054 1491 1114 1509; x_wconf 79' lang='lat' dir='ltr'>nostri</span> 
     </span>
     <span class='ocr_line' id='line_1_40' title="bbox 178 1521 1115 1547; baseline 0 -7"><span class='ocrx_word' id='word_1_442' title='bbox 178 1521 341 1547; x_wconf 72' lang='lat' dir='ltr'>significationem</span> <span class='ocrx_word' id='word_1_443' title='bbox 356 1526 451 1546; x_wconf 83' lang='lat' dir='ltr'>praestare</span> <span class='ocrx_word' id='word_1_444' title='bbox 464 1522 486 1540; x_wconf 90' lang='lat' dir='ltr'>R.</span> <span class='ocrx_word' id='word_1_445' title='bbox 499 1522 565 1541; x_wconf 85' lang='lat' dir='ltr'>Dtioni</span> <span class='ocrx_word' id='word_1_446' title='bbox 578 1523 607 1545; x_wconf 82' lang='lat' dir='ltr'>V.,</span> <span class='ocrx_word' id='word_1_447' title='bbox 622 1523 730 1547; x_wconf 85' lang='lat' dir='ltr'>nequimus.</span> <span class='ocrx_word' id='word_1_448' title='bbox 745 1522 794 1540; x_wconf 91' lang='lat' dir='ltr'>Dedi</span> <span class='ocrx_word' id='word_1_449' title='bbox 809 1522 866 1546; x_wconf 83' lang='lat' dir='ltr'>igitur</span> <span class='ocrx_word' id='word_1_450' title='bbox 885 1522 983 1540; x_wconf 90' lang='lat' dir='ltr'>mensibus</span> <span class='ocrx_word' id='word_1_451' title='bbox 998 1522 1115 1540; x_wconf 88' lang='lat' dir='ltr'>redimendis</span> 
     </span>
     <span class='ocr_line' id='line_1_41' title="bbox 178 1553 1114 1578; baseline 0 -6"><span class='ocrx_word' id='word_1_452' title='bbox 178 1559 253 1572; x_wconf 86' lang='lat' dir='ltr'>numos</span> <span class='ocrx_word' id='word_1_453' title='bbox 267 1559 336 1572; x_wconf 83' lang='lat' dir='ltr'>aureos</span> <span class='ocrx_word' id='word_1_454' title='bbox 350 1553 486 1578; x_wconf 80' lang='lat' dir='ltr'>quadraginta;</span> <span class='ocrx_word' id='word_1_455' title='bbox 501 1560 533 1572; x_wconf 86' lang='lat' dir='ltr'>eos</span> <span class='ocrx_word' id='word_1_456' title='bbox 548 1554 563 1572; x_wconf 94' lang='lat' dir='ltr'>is</span> <span class='ocrx_word' id='word_1_457' title='bbox 577 1554 639 1576; x_wconf 82' lang='lat' dir='ltr'>habet,</span> <span class='ocrx_word' id='word_1_458' title='bbox 654 1554 686 1578; x_wconf 94' lang='lat' dir='ltr'>qui</span> <span class='ocrx_word' id='word_1_459' title='bbox 698 1554 762 1572; x_wconf 81' lang='lat' dir='ltr'>literas</span> <span class='ocrx_word' id='word_1_460' title='bbox 777 1553 859 1578; x_wconf 79' lang='lat' dir='ltr'>pertulit.</span> <span class='ocrx_word' id='word_1_461' title='bbox 874 1553 897 1571; x_wconf 89' lang='lat' dir='ltr'>V.</span> <span class='ocrx_word' id='word_1_462' title='bbox 909 1558 973 1572; x_wconf 81' lang='lat' dir='ltr'>autem</span> <span class='ocrx_word' id='word_1_463' title='bbox 989 1554 1011 1572; x_wconf 81' lang='lat' dir='ltr'>R.</span> <span class='ocrx_word' id='word_1_464' title='bbox 1024 1553 1114 1572; x_wconf 88' lang='lat' dir='ltr'>Dtionem</span> 
     </span>
     <span class='ocr_line' id='line_1_42' title="bbox 178 1584 1115 1610; baseline -0.001 -6"><span class='ocrx_word' id='word_1_465' title='bbox 178 1591 241 1610; x_wconf 77' lang='lat' dir='ltr'>rogo,</span> <span class='ocrx_word' id='word_1_466' title='bbox 256 1590 333 1603; x_wconf 81' lang='lat' dir='ltr'>causam</span> <span class='ocrx_word' id='word_1_467' title='bbox 348 1588 368 1603; x_wconf 89' lang='lat' dir='ltr'>ut</span> <span class='ocrx_word' id='word_1_468' title='bbox 383 1584 454 1609; x_wconf 82' lang='lat' dir='ltr'>negotii</span> <span class='ocrx_word' id='word_1_469' title='bbox 469 1585 529 1609; x_wconf 89' lang='lat' dir='ltr'>ipsam</span> <span class='ocrx_word' id='word_1_470' title='bbox 549 1585 640 1610; x_wconf 89' lang='lat' dir='ltr'>suscipiat</span> <span class='ocrx_word' id='word_1_471' title='bbox 660 1584 776 1609; x_wconf 81' lang='lat' dir='ltr'>efficiatque,</span> <span class='ocrx_word' id='word_1_472' title='bbox 796 1588 817 1603; x_wconf 88' lang='lat' dir='ltr'>ut</span> <span class='ocrx_word' id='word_1_473' title='bbox 830 1589 848 1603; x_wconf 80' lang='lat' dir='ltr'>e!</span> <span class='ocrx_word' id='word_1_474' title='bbox 863 1591 937 1603; x_wconf 86' lang='lat' dir='ltr'>menses</span> <span class='ocrx_word' id='word_1_475' title='bbox 951 1584 990 1609; x_wconf 82' lang='lat' dir='ltr'>jam</span> <span class='ocrx_word' id='word_1_476' title='bbox 1004 1585 1115 1609; x_wconf 77' lang='lat' dir='ltr'>redemptos</span> 
     </span>
     <span class='ocr_line' id='line_1_43' title="bbox 178 1615 1113 1640; baseline 0 -6"><span class='ocrx_word' id='word_1_477' title='bbox 178 1620 197 1635; x_wconf 86' lang='lat' dir='ltr'>et</span> <span class='ocrx_word' id='word_1_478' title='bbox 211 1615 272 1635; x_wconf 82' lang='lat' dir='ltr'>literis</span> <span class='ocrx_word' id='word_1_479' title='bbox 287 1615 383 1634; x_wconf 78' lang='lat' dir='ltr'>mensium</span> <span class='ocrx_word' id='word_1_480' title='bbox 398 1616 519 1640; x_wconf 84' lang='lat' dir='ltr'>superiorem</span> <span class='ocrx_word' id='word_1_481' title='bbox 533 1616 643 1634; x_wconf 89' lang='lat' dir='ltr'>donationis</span> <span class='ocrx_word' id='word_1_482' title='bbox 658 1616 707 1634; x_wconf 87' lang='lat' dir='ltr'>diem</span> <span class='ocrx_word' id='word_1_483' title='bbox 728 1615 845 1640; x_wconf 83' lang='lat' dir='ltr'>adscriptum</span> <span class='ocrx_word' id='word_1_484' title='bbox 860 1615 910 1635; x_wconf 90' lang='lat' dir='ltr'>diem</span> <span class='ocrx_word' id='word_1_485' title='bbox 926 1616 1036 1634; x_wconf 80' lang='lat' dir='ltr'>habeamus.</span> <span class='ocrx_word' id='word_1_486' title='bbox 1057 1615 1113 1634; x_wconf 86' lang='lat' dir='ltr'>Mitto</span> 
     </span>
    </p>
   </div>
   <div class='ocr_carea' id='block_1_5' title="bbox 213 1714 648 1736">
    <p class='ocr_par' dir='ltr' id='par_1_5' title="bbox 213 1714 648 1736">
     <span class='ocr_line' id='line_1_44' title="bbox 213 1714 648 1736; baseline 0.002 -6"><span class='ocrx_word' id='word_1_487' title='bbox 213 1715 218 1726; x_wconf 94' lang='lat'>¹</span> <span class='ocrx_word' id='word_1_488' title='bbox 243 1714 268 1730; x_wconf 83' lang='lat' dir='ltr'>Cf.</span> <span class='ocrx_word' id='word_1_489' title='bbox 280 1714 310 1735; x_wconf 65' lang='lat'>7⁴3</span> <span class='ocrx_word' id='word_1_490' title='bbox 322 1718 338 1730; x_wconf 80' lang='lat' dir='ltr'>er</span> <span class='ocrx_word' id='word_1_491' title='bbox 348 1719 384 1736; x_wconf 67' lang='lat' dir='ltr'>sqq.</span> <span class='ocrx_word' id='word_1_492' title='bbox 448 1714 454 1725; x_wconf 85' lang='lat'>²</span> <span class='ocrx_word' id='word_1_493' title='bbox 469 1714 565 1731; x_wconf 70' lang='lat' dir='ltr'>Stenislaum</span> <span class='ocrx_word' id='word_1_494' title='bbox 576 1715 648 1731; x_wconf 68' lang='lat' dir='ltr'>Hosium.</span> 
     </span>
    </p>
   </div>
  </div>
 </body>
</html>
