1465 2093
273 211 308 231 552
642 211 662 226 A.
675 209 836 226 mummwm.

271 265 341 288 Deum,
355 271 365 283 a
380 270 420 289 quo
435 264 500 283 omnia
516 264 578 287 habet,
597 264 681 283 liberalis
695 271 735 283 esse
750 264 844 289 dignetur.
867 264 967 289 Rogamus
981 264 1063 289 insuper
1076 263 1130 283 omni
1142 264 1189 284 studio

271 301 328 321 atque
343 302 415 319 amore,
435 300 455 314 ut
468 296 557 320 sepositis
577 296 668 314 omnibus
689 296 769 314 remoris
783 302 805 314 ex
820 296 881 320 patria
900 296 934 314 ista
949 297 998 314 sua¹
1020 296 1045 314 ad
1060 296 1110 315 hanc
1129 296 1190 315 alterum

272 327 351 352 patriam
366 333 420 346 suam
436 327 509 350 redeat,
529 331 547 346 et
562 327 662 346 nobiscum
678 333 715 345 una
730 331 812 350 maneat,
832 333 895 346 mores
910 327 953 346 cleri
968 328 1066 351 emendet,
1087 327 1190 352 disciplinam

273 359 377 383 collapsam
389 359 481 382 restituat,
497 358 595 382 religionis
606 358 698 383 jacturam
710 359 784 380 sarciat,
799 359 910 377 vulneribus
921 358 1019 377 Ecclesiae
1030 359 1137 381 medentur,
1149 359 1190 383 lupos

271 390 295 408 ab
310 390 355 408 ovili
375 396 411 408 suo
430 393 501 412 arceat,
522 390 675 408 Praedicatorem
691 390 710 408 in
725 390 809 408 Ecclesia
824 396 857 408 sua
872 390 985 413 constituat,
1005 390 1096 409 absentes
1116 390 1191 408 altarisus
1207 403 1208 408 1

271 426 290 440 et
304 426 377 440 ceteros
392 421 500 439 sacerdotes
514 421 537 439 ad
553 421 674 439 residentiam
690 425 745 446 cogat
759 425 778 439 et
792 425 901 445 congreget,
915 421 982 439 missas
996 425 1015 439 et
1030 421 1089 440 Sacra
1101 421 1191 440 intermina

272 452 291 471 in
306 452 408 477 pristinum
422 456 493 470 statum
509 452 601 475 restituat,
617 452 713 471 Ecclesiae
728 452 799 471 labenti
813 452 904 475 aedificia,
919 456 1024 471 structuras
1039 456 1058 471 et
1072 458 1129 471 suum
1139 452 1191 476 *splen-

273 484 341 502 dorem
356 484 428 506 reddet,
443 484 551 502 sacerdotes
565 487 634 508 augeat
648 488 667 502 er
680 488 784 507 consecret,
799 484 891 508 plebanos
906 483 996 508 expulsos
1010 483 1097 506 reducat,
1112 488 1190 502 monaste-

272 516 298 534 ria
313 515 332 534 in
346 515 434 534 ordinem
455 515 550 537 restituat,
571 519 589 533 et
603 516 622 534 in
638 515 704 534 ceteris
719 515 804 534 honestis
819 519 837 533 et
851 515 961 534 necessariis
981 515 1039 533 rebus
1060 514 1144 533 officium
1157 514 1190 533 boni

271 546 370 565 Pontificis
384 550 403 564 et
416 546 510 570 vigilantis
525 546 607 565 Pastoris
623 550 710 571 praestet.
726 546 746 565 ln
762 552 801 571 quo
817 546 868 564 Deus
883 546 976 570 Optimus
990 546 1088 564 Maximus
1103 546 1151 564 illam
1164 546 1189 564 [or-

271 582 338 596 tunare
358 581 416 602 atque
435 578 525 601 adjuvare
545 577 655 602 dignabitur
669 581 688 596 et
702 583 769 596 ornnes
789 578 844 602 probi
863 583 884 596 ac
902 577 989 596 catholici
1010 577 1045 596 viri
1066 581 1085 596 et
1104 577 1190 596 Senatores

272 609 334 634 Regni
354 609 442 628 nonnulli
462 608 492 627 hic
508 609 605 633 degentes,
625 612 684 633 prout
700 609 719 627 id
734 609 797 633 palam
817 608 906 632 fatentur,
925 615 965 627 non
985 608 1088 627 defuturos
1102 615 1122 627 se
1135 608 1153 627 in
1164 608 1189 627 hot

271 640 338 659 Dtioni
352 640 375 659 V.
390 640 413 658 R.
428 639 511 658 offerunt
525 644 582 664 atque
597 640 717 664 promittunt.
743 640 764 658 ld
778 640 856 664 quidem
872 646 907 658 nos
921 639 987 658 fideles
1001 646 1013 658 a
1028 640 1113 658 consiliis
1126 639 1189 658 servito-

272 678 300 691 res
312 678 333 690 ex
345 671 409 690 animo
421 675 439 690 et
451 677 552 695 precamur
563 675 581 689 et
592 675 688 695 optamus,
702 677 756 689 secus
771 675 792 689 ut
803 677 827 689 ne
840 670 895 689 faciat
906 671 929 689 R.
941 670 987 689 Dtio
998 670 1028 694 V.‚
1043 672 1188 695 obsecramusque

271 703 329 726 illam,
349 707 370 721 ut
384 709 405 721 ea
420 702 492 725 omnia,
509 708 558 727 quae
573 706 592 721 et
606 706 712 721 reverenter
726 706 744 720 et
758 706 844 720 amanter
858 702 884 720 illi
898 702 1007 723 scribimus,
1027 702 1110 726 benigne
1124 708 1134 720 ι
1146 701 1188 719 nobis

271 734 366 758 suscipere
384 738 403 752 et
419 740 439 752 se
453 733 527 752 exorari
546 733 642 758 dignetur.
667 733 726 755 Quod
740 733 756 751 si
770 739 816 752 vero
831 733 854 751 R.
870 733 915 752 Dtio
929 733 952 751 V.
967 733 1028 752 facere
1049 733 1095 752 haec
1116 732 1188 755 noluerit,

272 769 291 784 et
304 766 334 784 vel
348 765 410 784 verbis
425 771 460 783 nos
475 765 504 783 vel
519 771 571 783 mora
586 764 649 789 aliqua
664 770 704 783 rem
719 764 821 787 Ecclesiae,
842 768 900 788 prout
916 764 1010 783 hactenus
1024 764 1097 783 factum
1111 768 1146 786 est,
1161 768 1187 782 in-
1207 774 1208 778 =

271 797 329 820 xerit,
350 797 405 815 nobis
420 802 455 821 pro
470 796 534 814 officio
553 800 619 814 nostro
634 800 653 814 et
667 802 702 820 pro
717 796 782 814 debito
799 796 850 814 aliud
865 795 927 814 facere
942 802 982 814 non
996 796 1068 818 licebit,
1088 802 1142 821 quam
1155 795 1187 813 huic
1207 792 1208 795 ¹

271 828 322 847 malo
337 828 451 846 medicinam
467 833 563 852 quaerere,
578 831 597 845 et
610 827 662 851 quod
678 827 769 846 hactenus
784 833 823 845 non
837 827 924 850 fecimus,
938 833 979 845 rem
993 827 1043 846 hanc
1055 831 1115 846 totam
1128 827 1149 845 ad
1160 826 1185 845 Su·

271 860 367 884 periorem
379 859 459 878 deferre.
474 859 575 884 Cupimus,
591 859 613 877 R.
626 859 717 877 Dtioncrn
731 859 753 877 V.
769 859 801 877 diu
816 863 866 877 recte
881 859 949 880 vivere,
964 858 1020 884 cujus
1033 859 1106 883 gratiae
1120 864 1150 876 nos
1161 857 1185 876 ite·
1201 853 1204 855 ’

271 897 313 909 rum
328 891 494 914 commendamus,
514 896 637 914 oramusque,
657 894 678 908 ut
691 890 715 908 ad
730 890 764 908 has
779 896 843 914 preces
858 894 875 908 et
890 890 986 914 postulata
1007 893 1072 908 nostra
1091 889 1145 908 literis
1157 889 1184 907 suis

271 922 368 945 rescribat,
383 926 496 946 gratumque
512 922 568 940 nobis
583 926 600 939 et
615 921 710 939 Ecclesiae
726 921 760 940 Dei
775 921 821 940 utile
835 927 950 946 responsum
965 921 1011 939 dare
1022 921 1117 946 dignetur.
1131 921 1182 939 nnn-m

271 953 377 972 Cracuviae
402 959 424 971 ex
446 953 529 978 generali
555 952 646 977 Capitulo
671 952 813 971 Purificationis
833 952 852 971 S.
873 952 952 974 Mariae,
975 952 1006 971 die
1026 952 1043 970 X
1063 952 1152 971 Februarii
1166 952 1181 970 A·

271 984 342 1003 Christi
359 985 413 1008 1560.

296 1057 340 1077 877.
447 1058 476 1077 A.
490 1058 693 1081 Zebrzydowski
709 1058 826 1081 capituto
842 1058 1008 1077 cracoviensi
1018 1057 1030 1077 ².

899 1105 1020 1127 Venciborci,
1034 1106 1047 1123 5
1062 1104 1126 1123 Martii
1135 1102 1173 1122 mol

333 1142 361 1160 Ad
377 1148 407 1160 eas
421 1142 491 1164 literas,
512 1148 557 1166 quas
575 1142 600 1160 ad
618 1148 648 1160 me
668 1148 707 1160 non
729 1145 768 1160 tam
788 1141 907 1160 admonendi
929 1147 987 1166 quam
1007 1141 1123 1160 ifiammandi
1137 1144 1172 1158 clun

270 1173 376 1197 scripsistis,
397 1173 484 1196 breviter,
505 1177 569 1191 tamen
584 1179 627 1191 vere
642 1177 660 1191 et
674 1177 760 1191 amanter
774 1173 828 1191 vobis
843 1173 972 1197 respondebo.
998 1173 1039 1191 Nisi
1059 1176 1108 1191 certo
1123 1171 1172 1191 scirefflr

270 1210 311 1223 esse
325 1205 420 1228 quosdam
435 1204 454 1222 in
468 1204 536 1222 ordine
550 1208 615 1222 vestro
630 1204 696 1223 fratres
711 1208 729 1223 et
743 1204 841 1229 proximos
856 1211 909 1223 meos
924 1208 962 1222 tarn
977 1204 1087 1229 inplacabili
1100 1203 1171 1225 udioergu

270 1242 308 1258 me,
322 1239 343 1254 ut
357 1235 413 1258 vitae,
431 1235 499 1258 famae,
518 1235 653 1254 existimationi
667 1242 728 1258 meae,
748 1235 821 1254 facilius
835 1242 856 1254 ac
870 1235 960 1254 libentius
974 1235 1091 1257 obtrectent,
1108 1238 1150 1259 quam
1159 1234 1171 1249 ¹³1

270 1266 343 1291 aliquid
358 1267 378 1285 in
392 1272 423 1285 me
437 1271 470 1285 aut
484 1267 523 1285 veri
537 1271 648 1291 agnoscant,
662 1271 698 1285 aut.
709 1267 754 1285 recti
770 1273 856 1291 unquam
870 1267 987 1289 collaudent,
1001 1267 1092 1285 adversus
1105 1270 1142 1290 quus
1149 1261 1171 1281 ΕΗ

270 1298 315 1316 satis
330 1298 350 1316 in
364 1298 417 1316 omni
431 1298 480 1316 vitae
495 1304 548 1316 meae
563 1298 636 1316 ratione
651 1298 740 1322 praesidii
755 1298 852 1321 haberem,
867 1298 924 1316 istum
939 1304 1007 1316 eorum
1021 1298 1138 1316 exulceratum
1146 1292 1171 1313 ¹¹¹5·

271 1335 323 1347 mum
344 1329 419 1353 gravius
434 1328 512 1352 ferrem,
532 1335 553 1347 ac
568 1329 604 1347 nisi
619 1329 675 1347 etium
691 1329 710 1347 in
725 1329 753 1347 his
768 1329 886 1352 criminibus,
907 1329 977 1353 quibus
997 1329 1080 1354 graviter
1092 1335 1102 1347 a
1114 1326 1171 1346 vobim

270 1360 337 1378 acerbe
356 1366 441 1383 accusor,
461 1360 515 1378 omni
530 1366 608 1384 prorsus
628 1360 684 1384 culpa
699 1366 792 1383 vacarem,
812 1360 851 1379 istis
866 1364 904 1379 tarn
919 1360 1001 1379 fortibus
1021 1361 1110 1385 epistolae
1125 1360 1171 1376 vesu*

270 1391 340 1410 aculeis
355 1391 412 1416 paulo
426 1391 559 1410 vehementius
573 1397 712 1409 commoverer.
735 1393 760 1410 At
774 1391 818 1416 quia
833 1392 908 1410 nullum
923 1391 970 1410 mihi
985 1391 1021 1410 Dei
1036 1391 1095 1416 gratia
1107 1388 1172 1409 net-rium

270 1427 302 1441 eut
317 1423 433 1447 neglegentis
447 1422 548 1447 Episcopi,
567 1426 600 1441 aut
614 1422 687 1440 remissi
702 1422 784 1441 Pastoris
798 1426 830 1441 aut
844 1422 931 1441 dissoluti
950 1423 1056 1441 sacerdotis
1073 1423 1137 1441 crimen
1146 1419 1174 1438 1²¹2*

271 1460 312 1472 rere
323 1458 394 1478 potest,
406 1458 457 1472 tanta
468 1454 571 1472 verborum
583 1457 602 1472 et
613 1454 740 1472 accusationis
751 1458 824 1472 vestrae
835 1454 921 1473 libertate
933 1460 973 1472 non
984 1460 1117 1473 commoveor.
1126 1452 1176 1472 ΑΜ

268 1491 321 1508 sum,
340 1484 445 1503 Ecclesiam
465 1484 548 1508 deserui,
566 1485 632 1509 templi
652 1488 702 1503 tecta
725 1484 776 1503 refici
798 1491 837 1503 non
855 1485 929 1508 curavi,
949 1485 1001 1503 mille
1021 1485 1126 1510 quingenta
1141 1483 1178 1502 Ποπ-

269 1522 305 1534 nos
320 1522 359 1534 non
373 1516 463 1540 persolvi,
477 1516 555 1534 calicem
569 1522 649 1534 aureum
664 1522 703 1534 non
718 1516 768 1539 dedi,
783 1516 848 1535 altaria
859 1516 952 1535 Ministris
964 1516 1084 1541 negligentia
1095 1522 1134 1536 mea
1142 1512 1181 1534 ded·

269 1551 354 1570 tuuntur‚
370 1547 477 1572 Presbyteri
493 1547 555 1566 Sacris
570 1553 610 1566 non
626 1547 731 1566 initiantur.
749 1548 878 1572 Agnoscimus
892 1547 1034 1567 criminationis
1050 1552 1124 1567 vestrae
1136 1546 1184 1572 apia,

304 1632 309 1642 ¹
331 1631 395 1647 Cu'avia
427 1643 431 1647 .
474 1642 478 1646 .

302 1658 309 1669 ²
331 1636 379 1673 Liger
390 1631 533 1678 iit-{iniv'fflznpnuit
545 1657 585 1673 Eccl.
600 1657 641 1673 cath.
655 1657 704 1676 eruc,
716 1658 737 1673 lV
749 1657 835 1679 397—399,
848 1657 934 1678 526-529.
946 1658 978 1673 lest
990 1661 1007 1673 to
1019 1658 1120 1679 odpowiedi
1130 1664 1147 1675 ze
1153 1661 1193 1678 mn!

331 1684 398 1705 biskupa
410 1689 429 1699 na
441 1684 466 1699 list
478 1684 609 1705 poprzedznjqcy;
621 1689 636 1699 w
647 1684 714 1704 dzieuiqi‘:
725 1684 790 1705 tygodni
802 1684 869 1705 poiniej,
881 1684 899 1699 23
911 1684 952 1705 maja
963 1689 976 1700 r.
991 1684 1038 1704 1560,
1051 1686 1131 1706 wracniqc
1139 1685 1196 1705 :Ruju-

331 1711 342 1731 †
354 1710 477 1732 Zebrzydowslti
489 1715 513 1726 we
524 1710 601 1726 Wrzes‘ni.
