1465 2093
512 203 652 217 zen->romum
665 203 728 220 unm,
741 203 799 217 unm.
1083 201 1119 221 357

209 285 255 305 680.
460 287 630 310 Sigismundo
645 287 766 310 Augusto
780 287 849 311 Regi.

766 334 913 356 Dnbrowodae,
930 334 952 352 13
965 334 1049 359 Augusti
1066 334 1117 352 1551.

248 370 298 388 Satis
313 370 334 388 fit
345 370 391 388 mihi
406 370 442 394 ipsi
457 370 536 395 quidem
551 371 610 395 gratia
625 375 681 395 atque
697 371 796 389 clementia
814 370 835 389 V.
852 370 871 389 S.
886 370 956 393 Mtatis,
971 376 1029 395 quarn
1044 370 1119 394 quotics

182 400 272 423 intueor,
296 407 335 419 non
350 407 428 426 possum
449 405 513 419 autem
534 408 573 420 non
590 408 666 427 semper
685 402 764 424 intueri,
787 402 843 420 toties
861 401 979 420 immortales
997 407 1033 426 ago
1050 401 1118 426 gratius

182 432 202 450 S.
219 432 275 451 Mtati
289 432 312 450 V.
327 432 364 451 Sed
380 439 441 457 angor
454 432 520 451 animo
534 439 574 451 non
589 434 722 455 mediocriter,
744 434 796 458 quod
811 439 871 457 quum
886 432 926 457 ipse
943 439 993 451 unus
1013 432 1060 451 hanc
1078 436 1118 450 tun-

183 467 224 482 tam
239 464 320 488 gratiam
335 464 405 482 referre
419 464 496 482 servitio
512 470 615 489 nequeam,
635 464 716 483 habeam
730 469 795 483 autem
810 464 886 487 fratres,
901 464 934 489 qui
949 470 1013 482 meum
1029 464 1065 482 hoc
1079 467 1117 482 stn⁴

182 494 238 513 dium
253 495 323 513 vellem
344 495 442 520 adjuvare,
463 495 513 513 nulla
529 495 550 513 iis
565 495 621 514 datur
635 495 714 514 facultas
734 496 824 520 nullaque
842 496 916 514 occasio
937 495 1064 520 perficiendae
1078 494 1118 519 ejus

182 526 295 544 voluntatis.
310 526 353 545 Hoc
365 526 413 545 adeo
425 526 469 545 inde
481 526 508 549 fir,
524 527 576 551 quod
589 527 608 545 in
620 533 663 545 eum
680 527 774 549 ordinem,
789 527 808 545 in
824 533 862 552 quo
876 533 917 545 sum
933 527 980 551 ipse,
995 526 1118 548 senatorium,

182 557 249 576 nullus
263 563 286 576 ex
300 557 326 575 eis
341 557 427 576 refertur.
443 557 548 576 Oraveram
563 558 582 577 S.
597 558 620 577 V.
635 559 720 581 Mtatem,
736 562 757 577 ut
772 558 789 576 in
805 558 840 577 hac
854 558 883 576 vel
897 558 1015 576 Gnesnensis
1030 557 1059 576 vel
1073 557 1118 576 Bre-

182 588 263 611 stensis,
284 594 333 613 quae
347 593 392 613 post
405 589 457 607 illam
471 595 529 608 vacua
549 593 576 607 est
591 589 644 612 facta,
659 588 785 608 Castellaniae
800 589 907 612 vacatione,
927 589 1041 607 clementem
1061 588 1118 607 ratio-

182 626 228 638 nem
244 620 315 638 habere
329 620 440 645 dignaretur
454 620 597 639 Bartholomaei
612 620 674 639 fratris
689 621 735 643 mei,
750 620 851 645 Capitanei
867 620 997 643 Diboviensis,
1012 620 1045 645 qui
1060 619 1118 638 fidem

182 657 238 669 suam
254 651 274 669 in
289 651 311 669 V.
326 651 405 670 Mtatem
422 658 484 676 neque
499 658 551 670 nunc
565 651 601 671 fert
615 652 705 674 obscure,
720 657 783 676 neque
798 651 816 670 in
831 655 919 676 apertum
937 655 1003 676 postea
1018 651 1118 676 proferret.

182 682 198 701 si
213 688 237 701 eo
252 682 290 700 loci
305 686 359 705 esset,
374 683 407 701 ubi
422 683 516 706 ejusmodi
536 683 641 701 voluntates
656 687 674 701 et
688 683 751 701 studia
770 687 861 707 tanquam
876 683 895 701 in
910 683 984 701 theatro
1004 682 1118 701 elucescunt.

183 713 319 738 Respondent
335 713 417 738 benigne
432 714 454 732 V.
469 714 517 732 Mtas
532 714 558 737 S.,
572 720 591 732 se
606 714 629 732 de
644 714 739 732 Brestensi
753 713 867 732 Castellania
886 714 933 732 nihil
948 720 987 732 esse
1004 713 1118 732 constitutu-

183 751 233 768 ram,
255 745 368 769 priusquam
383 751 414 764 me
428 745 564 770 alloqueretur,
585 746 643 767 Quod
658 751 772 770 responsum
790 745 851 768 illius,
871 746 949 769 plenum
965 744 1087 770 benignitatis
1101 748 1119 762 et

182 776 266 800 gratiae,
287 782 325 794 non
340 776 359 794 in
375 777 492 795 mediocrem
513 783 543 795 me
557 783 611 801 spem
632 776 729 799 excitarat,
749 782 807 801 quam
822 783 876 801 spem
893 777 945 795 auxit
965 776 1021 795 etium
1042 780 1118 801 tempus

183 808 221 825 hoc
236 811 307 830 totum,
322 808 374 832 quod
389 808 414 826 ita
429 808 532 832 praeteriit,
548 812 568 826 ut
583 814 694 832 quanquam
712 807 759 826 mihi
774 808 867 826 videndae
883 808 904 826 V.
919 807 983 826 Mtatis
997 807 1053 832 copia
1068 807 1118 826 nulla

183 843 239 861 esset,
255 838 370 857 castellania
385 843 449 857 tamen
465 839 483 857 in
500 839 596 858 neminem
618 839 680 858 adhuc
694 839 718 857 sit
732 839 806 857 collata.
830 839 888 861 Quod
903 845 963 864 quum
979 839 1002 857 ita
1018 839 1047 861 eit,
1062 838 1084 857 V.
1099 838 1118 857 S.

183 870 264 888 Mtatem
279 870 360 894 supplex
375 876 428 894 rogo,
443 870 487 889 velit
501 871 539 895 jam
553 871 631 889 tandem
647 870 695 888 hanc
710 870 765 888 istam
780 870 915 889 Castellaniam
930 870 1049 889 Brestensem
1067 870 1118 888 fratri

182 901 336 919 Bartholomaeo
351 907 386 925 per
400 901 451 920 hunc
466 908 531 920 meum
552 901 645 920 famulum
663 902 744 919 mittere.
765 901 827 919 Habet
842 901 898 920 frater
917 907 970 920 meus
985 901 1049 919 omnia
1070 907 1118 925 pene

181 932 294 957 adjumenta
309 933 333 951 ad
348 939 390 951 eam
405 934 570 958 consequendam:
591 933 648 951 fidem
663 933 758 957 egregiam
774 933 793 951 in
808 933 830 951 V.
846 933 864 950 S.
879 932 969 955 Mtatem,
987 932 1118 957 possessione!

184 963 203 982 in
218 964 249 982 illa
264 964 374 988 provincia,
395 964 466 988 ingenii
482 964 538 982 etiam
554 964 595 983 Deo
615 964 674 989 gratia
690 970 731 982 earn
749 964 910 986 mediocritatem,
930 970 979 988 quae
994 969 1056 988 neque
1072 963 1118 982 mihi

182 995 261 1019 pudori,
276 1001 338 1020 neque
354 996 396 1013 loco
411 996 507 1018 dedecori,
522 1001 584 1020 neque
598 996 621 1013 V.
637 995 656 1014 S.
671 995 724 1013 Mtati
740 1001 779 1013 non
795 995 856 1013 multo
871 995 913 1013 usui
928 1001 968 1013 esse
983 995 1049 1019 possit.
1070 994 1117 1013 Grn-

184 1026 208 1044 tia
223 1026 279 1044 nobis
294 1026 317 1044 V.
332 1026 351 1045 S.
366 1026 431 1045 Mtatis
445 1027 460 1045 si
475 1027 567 1050 adsuerit,
586 1026 676 1049 vicimus,
697 1026 715 1045 in
731 1032 788 1051 quam
803 1033 834 1045 mc
848 1030 906 1051 atque
921 1026 974 1045 illum
995 1030 1046 1045 totos
1060 1026 1086 1044 do
1101 1030 1119 1044 ct

184 1058 246 1076 trado.
262 1058 284 1075 V.
300 1057 349 1076 Mias
363 1058 444 1082 longum
459 1058 502 1076 felix
517 1058 567 1076 vivat
580 1062 638 1082 atque
652 1058 738 1082 imperet.
758 1057 827 1076 Datum
843 1057 979 1080 Dobruvodae,
995 1057 1036 1076 ΧΙΙΙ
1053 1059 1117 1082 Augu-

183 1088 206 1107 sti
221 1088 293 1107 MDLI.

208 1161 253 1180 6⁸1.
434 1162 531 1181 Joanni
546 1162 647 1181 Odieski
661 1163 871 1182 Procaneellario.

767 1209 913 1231 Dnbroumdae,
929 1210 952 1228 m
965 1210 1049 1234 Augusti
1064 1210 1117 1228 mal.

247 1245 284 1263 Pro
302 1245 336 1263 hac
356 1249 407 1263 tanta
428 1245 486 1264 Mtiae
501 1245 523 1264 V.
538 1251 582 1270 erga
597 1252 627 1264 me
641 1245 701 1270 gratia
722 1252 761 1264 non
781 1252 860 1270 possum
881 1246 961 1270 gratiam
982 1252 1022 1264 non
1042 1245 1118 1269 habere,

183 1276 265 1294 reseram
280 1280 330 1294 certe
345 1276 430 1300 quidem,
446 1277 521 1301 quoties
535 1277 570 1295 erit
585 1277 665 1295 occasio.
681 1276 724 1295 Feci
739 1277 811 1299 omnia.
826 1283 874 1302 quae
889 1277 962 1295 censuit
974 1281 991 1295 et
1004 1277 1030 1295 uti
1045 1277 1118 1296 censuit

181 1307 203 1325 V.
220 1307 274 1325 Mtia.
295 1307 364 1325 Scribo
382 1307 436 1325 Mtati
452 1307 475 1326 R,
490 1308 591 1332 literasque
610 1307 660 1332 ipsas
675 1308 693 1326 in
708 1307 771 1326 literas
789 1307 886 1332 Magnifici
902 1308 939 1326 nni
955 1308 1050 1327 Viluennis
1065 1308 1118 1327 Pala-

179 1338 215 1357 tini
229 1339 233 1351 ¹
255 1338 343 1361 includo;
364 1338 415 1357 hunc
430 1339 486 1357 etiam
507 1343 562 1363 peto.
582 1343 666 1357 nostram
681 1343 702 1357 ut
716 1345 791 1357 causam
812 1339 913 1364 diligenter
927 1343 945 1358 et
960 1339 1042 1364 benigne
1062 1346 1118 1365 agere

178 1371 279 1395 dignetur.
300 1370 359 1392 Quod
374 1374 468 1395 superest,
482 1370 501 1389 in
516 1370 539 1389 V.
554 1370 612 1389 Mtiae
629 1370 690 1395 gratia
710 1374 766 1395 atque
784 1370 861 1395 ingenio
877 1375 903 1389 est
918 1371 1055 1394 constitutum,
1069 1377 1118 1396 quae

178 1402 238 1421 nobis
254 1401 320 1419 defore
335 1402 447 1426 neutiquam
463 1402 558 1424 existimo,
573 1408 621 1425 rogo
635 1406 685 1420 certe
700 1402 778 1426 quidem
791 1406 828 1420 tam
842 1401 902 1424 valde,
917 1406 937 1420 ut
949 1402 1009 1426 magis
1021 1408 1060 1421 non
1073 1409 1118 1427 pns-

178 1433 222 1452 ;im.
245 1432 288 1456 Ego
303 1433 341 1457 jam
356 1432 375 1450 in
390 1432 457 1451 itinere
472 1439 514 1450 sum
530 1432 643 1451 cracoviam
659 1432 791 1457 proficiscens.
809 1433 862 1457 quod
878 1433 934 1451 nobis
949 1433 972 1452 sit
987 1433 1039 1452 felix:
1055 1434 1117 1458 ingre-

178 1465 221 1483 iior
237 1464 265 1482 sic
280 1463 369 1488 quidem,
389 1468 409 1482 ut
423 1463 475 1482 nulla
495 1464 551 1482 vestis
569 1464 626 1488 pulla,
641 1464 704 1482 nullus
724 1464 808 1482 funebris
828 1464 889 1483 luctus
909 1468 1010 1488 appareat,
1031 1464 1049 1483 id
1064 1465 1116 1489 quod

178 1495 225 1515 nihi
251 1494 309 1513 etiarn
324 1494 359 1519 ipsi
374 1494 459 1513 fortassis
480 1495 568 1513 nonnihil
585 1499 613 1513 cst
630 1494 738 1517 molestum,
758 1495 849 1519 cogitanti
864 1499 882 1513 et
896 1501 1003 1514 maerorem
1024 1495 1118 1520 Principis

180 1532 189 1546 t
207 1526 270 1545 aulae
291 1532 360 1544 moreS.
383 1525 421 1544 Sed
436 1525 493 1550 quid}
514 1526 608 1544 Fecerunt
622 1526 657 1544 hoc
672 1526 709 1550 jam
730 1530 773 1544 ante
789 1532 819 1544 mc>
833 1526 888 1545 multi
908 1527 998 1550 aequales
1015 1526 1063 1549 mei.
1084 1527 1115 1552 qui

178 1565 212 1578 {m
231 1557 311 1582 pridem
325 1557 350 1575 ad
364 1557 412 1575 fines
432 1558 530 1581 regundos
543 1562 588 1576 sunt
602 1557 688 1582 profecti.
709 1557 798 1582 Tempus
818 1557 874 1576 etiam
890 1564 920 1576 me
935 1557 1013 1577 Hercle!
1029 1562 1072 1582 pont
1087 1559 1115 1577 su-

179 1590 227 1609 etis
246 1589 311 1613 ipsum
325 1588 376 1607 diem
391 1593 466 1607 tanturn
478 1593 507 1607 est
521 1589 671 1613 praeterlapsum
682 1589 695 1612 ²,
709 1593 729 1607 ut
741 1594 820 1607 omnem
834 1589 973 1613 aegritudinem
989 1589 1047 1608 lenire
1059 1596 1117 1614 poue

204 1669 209 1679 ι
243 1666 307 1682 siconi
319 1667 402 1681 amiani
415 1667 463 1686 Nigri.
475 1672 482 1682 ,-

204 1695 212 1706 2
242 1693 318 1713 eogaen,
329 1693 406 1711 krol-‚sei
419 1693 489 1713 nat-212«

543 1693 585 1708 ‘lle.ie
598 1693 635 1708 mia!
646 1694 669 1713 *ig
679 1693 730 1714 rtdbyc'
743 1693 760 1708 ²3
773 1698 842 1708 μανίαι
854 1698 866 1708 r.
880 1693 923 1709 ¹551.
936 1693 1009 1712 naulum,
1021 1694 1032 1709 ΙΙ
1045 1693 1080 1710 essu.
