1465 2093
533 214 674 229 minz-omum
687 215 752 239 uem,
766 215 852 229 mmm.
1150 212 1173 235 59

188 272 224 285 ex
239 266 351 286 Prussia
362 268 420 287 veluti
432 274 454 286 ex
465 268 549 292 quadam
560 267 624 286 Africa
637 273 687 286 nova
699 267 817 286 emerserint.
832 267 909 286 Etenim
918 273 968 292 quae
979 273 1022 286 mea
1034 271 1061 286 est
1073 268 1092 286 in
1107 268 1174 287 Mtiam

189 297 224 316 V.
246 298 423 323 benevolentia,
442 299 507 318 omnia
521 299 545 318 ab
560 299 591 317 illa
605 299 660 318 amici
680 298 744 317 officia
764 303 863 323 exspecto,
884 305 933 324 quae
953 305 988 324 ego
1003 299 1029 318 ita
1043 299 1134 323 reseram,
1153 304 1175 318 ut

189 329 260 349 Mtia
281 330 316 349 V.
335 330 387 349 nihil
400 330 482 355 amplius
495 330 516 349 in
530 336 560 349 me
575 330 675 349 desideret.
695 330 722 354 Id,
737 330 790 355 quod
803 331 819 349 is
833 330 873 355 ipse
887 330 983 349 Moraviec
1004 330 1100 356 copiosius
1118 331 1173 355 dicet,

191 361 237 380 cui
259 361 327 381 Mtia
344 362 369 380 V.
384 362 453 385 credet,
467 365 486 380 et
499 368 530 380 me
544 361 610 386 diliget
623 365 642 380 et
656 362 705 380 bene
719 361 795 380 valebit.

232 435 246 454 1
255 435 299 454 13.
564 435 661 454 Jcsanni
678 435 853 454 Kroozewski.

823 481 846 500 In
862 482 942 506 Raciqss,
957 487 982 499 m.
996 481 1102 501 Decembri
1118 483 1173 501 1540.

286 519 359 538 Venit
374 519 435 538 isthuc
450 519 468 537 in
484 519 576 537 Kroczew
590 519 593 530 ¹
614 525 657 537 mco
672 518 724 543 jussu
739 518 826 536 Andreas
841 518 944 537 Morawiec
958 524 1001 537 cum
1015 518 1050 537 hac
1069 519 1173 543 Maiestatis

195 550 334 576 Reginalis
351 550 439 575 pecunia.
453 550 518 575 Itaque
532 554 553 568 ut
567 554 584 568 te
598 556 674 574 semper
689 549 799 574 diligentem
814 554 832 568 et
847 549 924 568 fidelem
938 550 958 568 in
972 550 1028 568 rebus
1043 550 1089 569 meis
1101 556 1172 575 cogno-

194 582 231 605 vi,
252 582 290 600 ita
311 588 371 600 nunc
391 582 448 600 etiam
462 586 480 600 et
494 581 584 606 deinceps
603 587 678 606 semper
693 581 756 603 talem,
775 580 810 604 facy
830 587 951 605 cognoscam.
973 581 1024 600 Huic
1044 581 1115 600 famulo
1129 588 1173 600 meo

195 613 343 632 Morawiec
358 613 430 636 credes,
444 617 462 631 et
473 613 506 632 ubi
518 619 567 637 opus
582 612 622 635 erit,
637 612 706 635 aderis,
721 619 751 630 me
763 612 837 636 diliges,
852 612 943 637 quoniam
955 616 974 631 et
985 619 1020 637 ego
1032 616 1050 631 te
1062 613 1173 637 amplector.

235 686 299 706 114.
447 686 520 705 Petro
534 686 646 707 Kmitae,
665 686 784 705 Palatino
799 685 969 705 Craooviensi.

822 732 846 751 ln
860 733 940 757 Raciq,
955 739 979 751 m.
994 732 1100 752 Decembri
1114 734 1172 752 1546.

288 770 346 793 Quo
360 769 397 789 sirn
411 775 455 794 erga
470 769 497 788 lll.
511 769 579 788 Mtiam
590 769 614 788 V.
628 768 699 792 studio,
714 769 803 787 Andreae
817 769 928 792 Morawiec,
942 769 1059 788 Internuncii
1073 769 1118 793 mei,
1132 776 1174 788 ver-

199 802 239 821 bis
258 802 381 826 intelliget.
396 800 475 819 Interim
488 804 552 819 autem
567 801 591 819 ab
605 800 636 819 illa
650 804 702 825 peto,
716 800 801 825 hospitia
815 804 836 819 ut
849 800 897 819 meis
914 800 1016 819 comitibus
1029 807 1063 826 per
1077 800 1173 820 Comitio-

198 840 259 853 rum
288 833 341 851 dies
366 833 432 857 jubeat
445 838 481 857 pro
495 831 560 850 officio
575 838 610 850 suo
625 831 730 856 designarh
752 837 788 856 pro
803 832 862 857 gratia
881 836 944 851 autem
963 832 1009 850 illud
1023 832 1091 856 addat,
1110 836 1132 851 ut
1150 833 1173 851 ad

200 866 313 884 domum
331 870 398 882 meam
408 863 416 876 ²
435 869 492 888 quam
507 863 595 887 proxime
614 863 713 888 designata
727 869 768 881 esse
782 863 889 881 videantur.
912 863 933 881 In
948 863 1067 888 designando
1085 869 1125 882 non
1139 868 1173 887 est,

200 897 258 922 quis
277 896 310 915 ad
329 895 414 914 domum
429 901 491 913 meam
506 898 610 919 respectet3
624 898 700 919 praeter
714 894 766 912 enim
781 894 819 913 duo
834 894 957 919 hypocausta,
972 895 1020 913 sicut
1033 895 1068 913 scit
1082 895 1105 913 V.
1120 895 1173 919 Mna,

201 928 267 947 nihil
288 931 324 946 est
341 926 362 945 in
377 932 399 945 en
414 926 496 944 tertium.
511 925 563 944 Bene
577 926 639 944 valere
653 925 721 944 Mtiam
735 925 758 944 V.
774 925 801 944 111.
816 929 870 950 opto.

238 1001 248 1020 1
256 1000 297 1020 15.
510 999 669 1018 Consulibus
683 999 905 1018 Thorunensibus.

824 1046 848 1065 In
863 1046 941 1071 Raciqss,
956 1052 980 1065 m.
996 1046 1100 1065 Decembri
1114 1047 1173 1065 1516.

286 1083 406 1103 Stanislaus
416 1083 430 1106 ³,
445 1082 560 1107 Capellanus
575 1086 645 1106 noster,
660 1083 692 1107 qui
707 1089 758 1101 meas
773 1082 865 1106 reddidit,
880 1083 945 1107 negari
959 1082 995 1101 sibi
1010 1082 1098 1101 nonnihil
1112 1089 1170 1107 pecu-

170 1136 172 1138 ,
203 1117 259 1137 niae
277 1122 292 1134 a
310 1115 358 1134 cive
373 1118 436 1133 vestra
449 1115 506 1133 Anna
520 1114 625 1133 Clementis
643 1114 695 1138 apud
709 1120 745 1133 nos
764 1114 861 1138 exposuit,
876 1120 915 1139 quo
931 1114 1010 1132 nornine
1024 1113 1079 1132 vitari
1094 1120 1173 1139 quoque

170 1142 179 1164 's
203 1149 233 1168 ab
251 1154 280 1167 ea
297 1146 376 1166 sedulo
394 1145 486 1170 judicium
501 1145 597 1164 Dtionum
610 1145 651 1164 VV.
666 1145 718 1168 dixit,
732 1151 752 1164 se
767 1151 826 1170 porro
841 1149 920 1169 propter
934 1145 968 1164 has
982 1149 1031 1164 artes
1046 1145 1131 1164 mulieris
1144 1145 1172 1164 ni-

170 1170 171 1174 *
197 1180 283 1199 mium
301 1177 439 1202 insumpsisse
453 1181 471 1195 et
485 1176 555 1195 laboris
570 1180 588 1195 et
602 1177 695 1201 pecuniae
709 1176 795 1195 asseruit.
811 1176 944 1199 Quamobrem
959 1183 995 1201 ego
1009 1181 1027 1195 et
1041 1183 1076 1201 pro
1091 1176 1172 1195 homine

205 1210 328 1231 saeerdore
341 1213 364 1227 et
374 1214 412 1233 pro
425 1208 495 1227 dilecto
510 1208 565 1227 nobis
579 1207 674 1230 familiari,
689 1207 770 1226 Dtiones
784 1207 825 1226 VV.
840 1214 894 1232 rogo,
908 1212 930 1226 ut
943 1214 1019 1227 causam
1034 1208 1074 1232 ejus
1087 1208 1172 1233 primum

207 1242 334 1267 diligenter
356 1239 490 1264 cognoscatis,
510 1239 580 1258 deinde
599 1245 641 1257 eam
656 1238 758 1257 mulierem
772 1239 796 1257 ad
810 1239 965 1258 satisfaciendum
980 1239 1006 1258 illi
1020 1239 1122 1258 autoritate
1140 1245 1172 1258 ve-

207 1277 254 1292 stra
272 1270 415 1296 compellatis,
429 1276 453 1289 ne
467 1270 513 1295 quid
528 1270 608 1295 simplex
622 1270 721 1294 inficiatio,
736 1270 848 1294 praesertim
863 1270 955 1294 mulieris,
969 1271 1037 1289 obesse
1048 1271 1108 1295 possit
1120 1277 1172 1290 com-

210 1304 281 1324 modo
298 1306 323 1322 et
337 1301 427 1321 fortunis
441 1301 482 1325 viri,
497 1301 599 1326 praecipue
613 1301 723 1325 sacerdotis,
743 1301 783 1320 imo
799 1307 822 1320 ne
836 1302 909 1320 vanitas
924 1302 1036 1320 technarum
1056 1302 1172 1327 aequitatem

211 1336 242 1355 rei
258 1335 379 1354 subvertat.
395 1332 474 1352 Curabo
487 1333 507 1351 id
521 1332 625 1351 Dtiunibus
639 1332 680 1351 VV.
694 1333 790 1351 similibus
808 1332 879 1352 officiis
893 1339 995 1358 reponere,
1015 1333 1071 1352 sicuti
1085 1333 1172 1358 saepissi-

213 1373 250 1386 me
266 1367 289 1385 in
307 1365 385 1384 vicinia
400 1370 436 1383 usu
450 1364 514 1383 venire
528 1368 597 1389 potest.

246 1440 255 1459 l
262 1439 296 1458 16.
516 1437 675 1457 Consulibus
690 1438 896 1458 Gedanensibus.

821 1485 844 1504 In
859 1486 938 1510 Raciqb
952 1492 977 1505 m.
994 1485 1098 1504 Decembri
1112 1486 1170 1504 1546.

288 1522 340 1545 Quo
355 1521 433 1545 majore
447 1520 527 1539 Driones
538 1520 580 1539 VV.
594 1521 718 1545 complector,
732 1521 768 1540 hoc
783 1521 843 1546 magis
858 1522 921 1545 doleo,
936 1522 1006 1547 scripta
1020 1522 1056 1540 illis
1071 1528 1113 1541 mea
1128 1528 1171 1547 per-

221 1555 309 1574 molesta
325 1558 405 1578 perque
419 1552 486 1571 acerba
501 1552 540 1570 visa
554 1552 622 1575 suisse;
642 1552 700 1576 cupio
715 1552 773 1576 enim,
787 1552 893 1571 Drionibus
907 1553 947 1571 VV.
962 1553 1034 1577 omnia,
1055 1559 1094 1572 non
1107 1554 1170 1573 solum

203 1601 205 1603 .
221 1592 245 1605 ex
259 1591 294 1604 me
314 1585 363 1609 ipso
384 1583 419 1602 sed
433 1589 456 1602 ex
470 1583 560 1602 omnibus
575 1584 631 1602 etiam
650 1583 770 1606 hominibus,
787 1584 811 1602 ad
825 1584 885 1602 animi
903 1584 1018 1603 sententiam
1032 1585 1114 1603 evenire.
1134 1585 1170 1603 Ve-

198 1637 200 1639 ,
222 1623 275 1641 rum,
289 1620 315 1635 ut
328 1616 370 1635 hoc
386 1614 446 1633 etiam
460 1614 525 1638 fatear,
540 1620 651 1639 quanquam
666 1614 693 1633 nil
707 1615 726 1633 in
741 1615 788 1634 meis
802 1615 861 1634 literis
876 1616 970 1641 ejusmodi
985 1620 1030 1640 erat,
1046 1617 1099 1640 quod
1112 1623 1122 1635 a
1137 1623 1170 1642 pa-

258 1691 264 1701 ¹
287 1687 449 1709 Prnwdopodobnie
460 1687 498 1703 wiei
510 1687 596 1703 Kroezewo
608 1692 623 1702 w
635 1687 716 1703 Plockidm
727 1688 765 1703 koio
777 1688 895 1709 Zflkroczyrniu.

258 1717 265 1728 ²
286 1716 312 1732 Cf.
326 1715 353 1732 23.
423 1714 430 1725 ³
444 1713 540 1734 Wystqpski.
