1465 2093
270 205 305 223 506
642 210 660 222 Δ.
675 209 835 223 mmroowsn.

268 260 303 278 sub
318 264 397 285 utraque
416 261 479 285 specie
499 260 608 285 procuravit
622 264 655 279 aut
672 261 769 285 procurari
790 259 843 279 fecit?
863 260 970 284 respondit,
990 259 1046 284 quod
1065 265 1162 283 nunquam
1176 263 1189 277 a

268 291 328 310 immo
343 292 415 310 restitit.

331 323 377 341 Item
392 323 519 347 interrogatus
533 323 557 341 de
572 323 657 347 partibus
676 322 815 347 poenitentiae,
834 326 882 347 quot
895 322 933 341 sint
947 327 1030 340 numero
1045 326 1064 340 et
1079 327 1127 346 quas
1144 325 1188 345 ponat

270 354 398 378 poenitentiae
413 353 485 378 partes?
500 354 606 378 respondit,
621 354 674 379 quod
689 358 734 373 sunt
749 358 785 373 tres
800 357 818 372 et
832 353 889 372 sentit
903 353 926 372 de
940 353 984 375 illis,
998 356 1020 371 ut
1035 352 1122 371 Ecclesia
1137 352 1186 370 catho-

269 385 304 403 lica
319 385 374 403 docet
388 389 406 403 et
420 389 477 403 tenet.

331 416 378 434 item
392 416 416 434 de
430 416 557 435 satisfactione
577 417 622 441 quid
637 417 706 435 sentiat
726 414 865 441 interrogatus?
885 415 993 440 respondit:
1014 415 1085 434 Sentio
1099 414 1164 439 optime
1173 419 1186 433 et

270 447 319 470 dico,
334 453 376 465 earn
391 453 430 466 esse
444 453 518 466 summe
533 448 664 470 necessariam,
679 452 700 466 ut
714 447 798 466 Ecclesia
812 447 904 466 catholica
918 450 977 465 tenet.

332 478 378 496 Item
393 478 525 501 interrogatus,
539 485 563 496 an
578 478 702 501 confiteatur,
718 478 750 497 ubi
765 482 783 497 et
797 477 838 496 cui?
853 477 961 502 respondit:
983 477 1087 496 Confiteor
1101 477 1140 496 Deo
1151 476 1184 501 petri

270 509 364 533 quotidie,
386 513 404 527 et
418 509 509 528 Ministris
524 510 619 528 Ecclesiae
633 510 719 534 saepius,
739 509 821 528 maxime
836 509 913 533 quando
931 508 1004 527 accedit
1019 509 1044 527 ad
1058 508 1123 526 altaris
1139 514 1185 526 sacn-

270 541 362 558 mentum}

332 571 379 589 Item
393 571 531 596 interrogatus,
551 578 574 590 an
589 572 663 595 credat,
683 572 760 590 Missam
776 577 816 590 esse
830 577 897 590 verum
916 570 1042 593 sacrificium.
1062 574 1082 589 et
1095 577 1118 589 an
1131 570 1185 592 credat,

270 601 368 620 Christum
388 602 407 620 in
426 608 448 620 eo
463 609 473 621 a
491 608 573 627 corpore
594 608 641 625 suo,
659 603 712 627 quod
732 606 760 621 est
779 602 873 626 Ecclesia,
896 608 929 627 per
948 602 1079 622 ministerium
1102 602 1186 620 sacerdotis

270 632 333 651 offeri?
354 634 452 658 respondit
469 640 503 658 per
520 634 608 652 verbum:
629 633 692 652 Credo
713 633 807 658 plenarie,
826 640 871 652 narn
886 633 954 652 sinon
975 633 1084 656 crederem,
1104 638 1185 657 nunquam

271 665 392 683 celebrarem.

332 695 379 714 item
400 696 533 720 interrogatus,
552 702 576 714 an
591 695 692 714 Cononem
712 700 774 714 totum
789 695 915 720 pronunciet?
935 696 1046 720 respondit,
1066 702 1086 714 se
1100 699 1157 714 totum
1173 699 1186 713 et

271 727 413 751 integerrimum
428 727 556 752 pronunciare
571 727 589 745 in
603 727 696 746 sacrificio
710 727 786 746 Missae.
1010 723 1013 725 ¹

332 757 379 776 Item
394 758 530 783 interrogatus,
550 764 573 776 an
589 758 703 776 Sanctorum
724 758 930 777 commemorationem
949 764 989 776 non
1004 758 1119 776 intermittat
1131 758 1148 776 in
1159 757 1186 776 C:—

271 788 332 807 none?
348 790 452 813 respondit,
466 790 517 814 quod
533 796 571 808 non
586 789 697 808 intermitto.

333 820 380 839 Item
395 820 533 845 interrogatus,
548 821 594 845 quid
608 821 677 839 sentiat
690 821 713 839 de
728 820 842 839 Sanctorum
857 821 990 843 veneratione,
1004 820 1135 842 invocatione,
1147 825 1186 838 com-

271 851 410 870 memoratione
425 855 443 870 et
458 850 552 876 reliquiis?
572 852 680 876 respondit:
698 851 722 869 Et
735 851 750 870 si
765 851 869 876 aliquando
890 851 1027 874 dubitaverim,
1042 855 1107 869 tamen
1121 851 1187 869 rnuime

271 886 327 901 teneo
342 883 365 901 de
379 883 508 906 veneratione,
521 883 641 901 invocatione
653 886 671 901 et
682 882 870 901 commemoratione
882 886 900 901 et
911 888 979 901 eorum
993 882 1087 907 reliquiis,
1101 882 1143 907 quia
1155 885 1187 900 suut

271 919 314 932 vasa
329 917 346 932 et
361 920 433 938 organa
454 913 534 936 Christi,
554 918 572 932 et
586 914 653 936 credo,
674 913 716 932 illos
731 913 848 932 invocandos
866 914 944 936 debere,
965 920 1004 932 non
1022 917 1088 932 tamen
1103 917 1123 932 ut
1137 913 1186 931 Deum

271 945 303 963 sed
317 949 337 963 ut
351 945 424 963 amicus
438 945 479 963 Dei.

333 976 379 995 item
390 976 524 1001 interrogatus,
537 976 583 1001 quid
593 976 662 994 sentiat
670 976 693 994 de
703 975 825 1000 purgatorio?
840 976 948 1000 respondit:
961 975 1056 998 Quamvis
1065 976 1138 994 nullum
1146 981 1187 1000 prae-

271 1012 347 1032 ceptum
363 1007 449 1030 habetur,
472 1007 529 1025 credo
544 1011 608 1025 tamen
627 1013 671 1025 curn
690 1007 774 1025 Ecclesia
792 1006 811 1025 S.
827 1006 929 1029 catholica,
947 1007 1000 1031 quod
1018 1011 1046 1025 est
1063 1006 1187 1032 purgatorium

334 1039 379 1058 item
395 1039 534 1063 interrogatus,
549 1039 595 1063 quid
610 1038 679 1056 sentiat
693 1039 716 1056 de
730 1038 860 1060 orationibus,
875 1037 981 1061 sacrificiis,
1000 1038 1117 1063 elemosynis
1129 1042 1147 1056 et
1157 1037 1187 1056 aliis

271 1070 307 1095 piis
320 1070 418 1095 operibus,
433 1076 482 1094 quae
497 1069 545 1088 fiunt
559 1075 594 1094 pro
609 1069 695 1092 mortuis,
710 1075 734 1087 an
749 1069 775 1088 eis
790 1068 874 1093 prosint?
888 1069 988 1093 respondit
1002 1075 1037 1094 per
1051 1066 1140 1088 verbum:
1152 1068 1188 1087 (ΣΙ-ε’

272 1101 306 1124 do,
321 1101 418 1119 orationes
432 1105 451 1119 et
465 1101 500 1119 alia
515 1101 546 1125 pia
560 1106 628 1125 opera,
649 1106 697 1125 quae
712 1100 760 1118 fiunt
774 1106 810 1124 pro
825 1100 915 1121 mortuis.
930 1100 1013 1119 maxime
1028 1106 1070 1119 esse
1084 1100 1188 1121 necessarias

272 1135 290 1150 et
303 1132 366 1154 credo,
381 1132 433 1156 quod
449 1135 530 1156 prosunt
547 1137 605 1155 opera
621 1131 651 1155 pia
666 1131 747 1149 mortuis
761 1135 779 1149 et
793 1131 901 1153 orationes,
916 1135 934 1150 et
949 1137 991 1150 sum
1006 1131 1025 1149 in
1041 1132 1109 1150 eadem
1120 1135 1189 1153 ‚senten-

273 1163 304 1186 tia,
315 1167 373 1187 prout
387 1163 470 1181 Ecclesia
484 1166 537 1181 tenet
548 1162 646 1185 catholica,
658 1166 676 1181 et
688 1162 721 1186 qui
733 1162 783 1180 aliud
797 1162 888 1185 sentiunt,
903 1163 953 1184 dico,
967 1162 1010 1181 illos
1022 1163 1106 1181 multum
1119 1168 1189 1187 peccare.

334 1194 380 1212 ltern
395 1194 529 1218 interrogatus,
543 1200 566 1212 an
581 1194 651 1216 credat,
665 1199 700 1212 nos
714 1193 733 1211 in
749 1193 786 1212 fide
798 1193 870 1212 Christi
885 1193 940 1212 bonis
954 1193 1046 1218 operibus
1060 1194 1129 1212 mereri
1139 1200 1148 1212 ι
1158 1193 1190 1212 Deo

272 1225 383 1250 temporalia
398 1223 501 1243 beneficia?
516 1225 623 1249 respondit:
638 1224 710 1247 Credo,
722 1230 779 1249 posse
793 1225 906 1249 temporalia
921 1224 1014 1243 beneficia
1030 1225 1125 1249 operibus
1135 1225 1153 1243 in
1163 1224 1191 1243 fide

274 1256 344 1274 Christi
359 1256 433 1274 mereri.

335 1287 381 1305 itern
396 1287 529 1311 interrogatus,
544 1293 568 1305 an
582 1287 665 1305 Ecclesia
675 1288 679 1299 ¹
691 1287 748 1305 vitam
763 1291 859 1305 aeternam
874 1286 948 1305 credat?
963 1287 1065 1311 respondit
1074 1293 1110 1312 per
1118 1287 1194 1306 verbum'.

275 1318 346 1341 Credo,
360 1322 419 1342 prout
432 1318 451 1336 in
466 1317 565 1343 Symboio.

336 1349 383 1367 Item
398 1349 529 1373 interrogatus,
544 1355 568 1367 an
582 1349 652 1372 credat,
666 1349 774 1367 sacerdotes
788 1355 797 1367 a
812 1349 857 1367 solis
874 1349 975 1373 Episcopis
990 1352 1009 1368 et
1022 1349 1071 1374 ipsis
1095 1349 1197 1369 consecratis

273 1378 370 1398 ordinari?
384 1379 484 1404 respondit
498 1386 532 1404 per
546 1381 634 1398 verbum:
650 1379 720 1402 Credo,
734 1380 843 1399 sacerdotes
856 1381 880 1398 ab
895 1380 997 1405 Episcopis
1019 1381 1110 1406 legitime
1125 1380 1198 1400 ordinflti

275 1415 293 1430 et
307 1417 346 1429 non
361 1411 385 1429 ab
399 1411 445 1429 aliis.

337 1442 383 1461 item
403 1442 539 1467 interrogatus,
559 1448 606 1461 num
620 1443 692 1465 credat,
712 1442 858 1461 matrimonium
873 1448 914 1461 esse
933 1442 1091 1462 sacramentum?
1112 1443 1202 1469 respondit

274 1479 308 1498 per
321 1473 411 1492 verbum:
426 1472 496 1491 Credo.

337 1505 383 1523 item
398 1505 535 1529 interrogatus,
552 1505 576 1523 de
591 1504 736 1523 confirmatione
751 1509 769 1523 et
783 1508 866 1523 extrema
885 1505 976 1523 unctione
991 1505 1040 1529 quid
1061 1507 1144 1530 sentiat,
1157 1511 1174 1525 et
1184 1512 1203 1524 an

275 1536 347 1559 credat,
367 1542 407 1554 csse
421 1536 516 1554 Ecclesiae
536 1535 664 1554 sacramenta?
684 1536 791 1560 respondit:
806 1536 882 1559 Sentio,
902 1540 923 1555 ut
937 1536 1021 1555 Ecclesia
1037 1537 1138 1557 catholica
1155 1542 1205 1560 tenet,

275 1571 292 1586 et
307 1567 364 1585 credo
378 1567 467 1590 maxime,
481 1573 521 1585 esse
534 1571 652 1586 sacramenta
667 1567 767 1585 Ecclesiae.

337 1598 383 1616 Item
404 1598 427 1616 de
447 1598 570 1617 caeremoniis
591 1598 693 1620 Ecclesiae,
713 1602 780 1622 utpote
798 1599 821 1617 de
836 1599 1002 1623 processionibus,
1021 1599 1205 1623 thurificationibus

276 1629 440 1648 benedictionibus
455 1635 520 1654 aquae,
536 1629 585 1652 salis,
600 1629 668 1648 cineris
683 1633 701 1648 ct
715 1629 793 1648 aliarum
810 1636 881 1652 rerum,
895 1636 918 1648 an
934 1631 997 1648 bonae
1011 1634 1030 1648 et
1046 1631 1092 1655 piae
1108 1633 1148 1651 sint
1161 1636 1178 1651 et
1188 1638 1207 1650 an

310 1697 315 1707 ¹
338 1696 371 1712 Sic!
