1465 2093
500 205 640 220 musrounma
654 206 715 224 Luam,
728 206 836 220 APPENDIX.
1099 203 1138 226 507

203 257 309 276 efficaciam
329 258 420 281 habeant,
442 257 489 282 quid
506 257 574 276 sentiat
591 256 731 282 interrogatus?
752 258 859 282 respondit:
880 258 956 281 Sentio,
976 263 1034 283 prout
1054 258 1137 277 Ecclesia

202 292 255 307 tenet
269 292 288 307 et
301 289 396 311 observat,
410 292 428 307 et
442 288 494 310 dico.
514 288 643 307 caeremonias
658 289 753 307 Ecclesiae
767 295 834 307 ornnes
849 289 910 307 bonas
924 294 942 307 et
957 290 1072 308 necessarias
1091 296 1137 313 esse,

203 323 222 337 et
236 319 301 342 credo,
315 325 385 344 aquam
401 319 520 338 benedictam
536 324 553 338 et
567 319 613 338 alias
629 326 658 338 res
673 326 706 344 per
720 320 777 338 verba
792 320 863 339 Christi
877 320 948 339 habere
963 320 1073 339 efficaciam.

268 350 314 369 ltem
337 350 478 375 interrogatus,
493 357 517 369 au
531 355 575 369 vota
590 351 694 370 monastica
710 352 740 376 pia
755 355 773 370 et
787 351 874 376 religiosa
888 358 928 370 esse
942 351 1018 370 credat?
1039 352 1139 376 respondit

204 387 239 406 per
253 382 345 400 verbum:
358 381 422 400 Credo
436 386 454 400 et
468 382 517 404 dico,
532 388 572 400 esse
587 382 629 404 tria,
644 386 711 407 utputa
726 382 837 405 castitatem,
860 382 988 401 obedientiam
1004 387 1022 401 et
1036 387 1138 407 pauperta-

202 416 250 435 tem,
265 418 315 437 quae
329 417 373 431 sunt
386 419 446 437 opera
459 413 541 437 pietatis.
825 432 835 441 ι

268 444 322 466 ltem,
336 450 360 462 an
374 444 445 467 credat,
459 445 551 463 servanda
566 450 606 463 esse
620 444 690 469 jejunia
704 445 728 462 ab
743 444 827 463 Ecclesia
842 444 934 467 instituta,
949 449 967 463 et
981 452 1004 464 an
1017 445 1036 464 in
1051 445 1073 464 iis
1087 446 1137 464 dele-

203 479 245 493 ctus
260 475 348 493 ciborum
368 475 472 494 servandus
484 475 517 497 sit,
538 474 674 500 interrogatus?
696 476 794 500 respondit
809 482 842 500 per
860 476 949 494 verbum:
972 476 1047 499 Credo,
1066 477 1137 501 jejunia

202 507 297 525 servanda
311 513 352 525 esse
366 506 402 529 ita,
422 507 586 532 quemadmodum
607 511 668 525 mater
683 506 702 525 S.
717 507 799 525 Ecclesia
814 511 884 529 servat,
904 511 922 525 et
936 507 1031 526 delectum
1051 508 1138 526 ciborum

202 537 248 556 dico
263 543 304 556 esse
318 537 343 556 ita
357 538 480 559 servandum.
495 543 553 562 prout
567 537 652 556 Ecclesia
666 538 749 560 mandat,
764 542 782 556 et
794 538 846 557 solus
859 544 934 557 servare
948 539 998 562 volo,
1013 539 1058 557 citra
1073 543 1137 558 tamen

202 568 308 587 discrimen
322 569 388 587 salutis
402 573 420 587 et
434 569 555 588 valetudinis¹

268 600 315 618 Item
330 600 463 625 interrogatus,
478 600 502 619 de
516 600 577 619 libero
591 600 670 619 arbitrio
685 600 731 625 quid
745 599 825 619 sentiat?
840 600 949 625 respondit:
964 600 996 624 lta,
1011 601 1137 625 quemadmo-

202 631 251 649 dum
266 631 349 650 Ecclesia
363 631 456 650 catholiea
470 636 527 650 tener.

268 662 314 681 ltem
336 662 474 687 interrogatus,
493 669 518 681 an
532 662 602 681 habeat
621 663 680 681 libros
695 663 816 681 Lutheranos
830 667 862 681 aut
876 663 985 687 sequacium
1006 663 1137 682 Sacramenta-

203 693 286 716 riorum,
300 692 429 712 Boemorum?
443 693 551 718 respondit:
565 693 634 712 Habeo
648 693 726 718 quidem
741 693 801 712 libros
812 694 938 717 Lutheranos,
953 694 985 713 sed
998 700 1038 712 non
1049 698 1137 719 propter-

203 730 235 747 ea,
256 728 277 743 ut
291 730 313 743 ex
332 724 359 743 eis
378 724 468 747 doceam,
487 725 521 743 sed
535 728 557 743 ut
571 724 671 747 haberem,
691 725 742 743 unde
757 724 862 743 haereticos
879 725 1024 744 convincendos
1043 725 1137 748 studeam,

203 755 263 774 fretus
283 755 409 780 permissione
426 755 481 774 Sedis
499 756 631 780 Apostolicae,
652 756 704 780 quod
723 755 788 774 liceret
807 756 909 780 Episcopis
930 756 973 774 illos
992 756 1065 780 legere;
1085 760 1136 780 post-

204 792 262 811 quam
278 791 342 805 autem
356 787 445 810 intellexi,
459 787 502 806 illos
517 793 557 806 esse
571 787 679 812 prohibitos
690 787 702 810 ¹,
717 787 815 812 promitto,
830 793 929 812 nunquam
945 787 991 806 velle
1005 787 1041 806 iuis
1056 787 1088 806 uti.

268 818 315 837 ltern
335 818 475 843 interrogatus,
495 825 518 837 an
532 819 582 843 legat
596 818 707 842 hujusmodi
722 818 780 837 libros
798 817 908 843 suspectos?
922 818 1032 843 respondit:
1052 818 1099 843 Legi
1112 819 1136 837 si-

204 849 295 874 quidem,
314 850 348 868 sed
363 855 385 868 ex
404 849 523 874 indulgentia
544 849 599 868 Sedis
618 849 750 874 Apostolicae.
768 853 788 868 ut
804 855 862 874 supra
882 850 929 872 dixi,
950 850 1041 873 putabam
1056 849 1075 868 id
1090 849 1136 868 mihi

203 880 270 903 licere,
285 884 389 905 postquam
403 885 467 899 autem
480 885 508 899 est
519 881 592 899 sublata
607 881 646 905 ipsa
661 881 779 905 indulgentia
792 882 803 904 ¹,
818 881 899 905 amplius
913 881 975 905 legere
990 882 1043 899 nolo.

269 911 315 930 ltem
330 912 468 936 interrogatus,
483 918 507 930 an
521 912 590 930 tolerat
604 912 623 930 in
638 912 744 936 praesentia
764 918 797 930 sua
812 912 830 930 in
846 912 926 930 dubium
944 918 1033 930 revocare
1047 912 1136 931 articulos

203 943 248 961 fidei
263 947 283 961 et
296 943 418 967 quaestiones
433 942 535 962 ventilare?
550 943 658 967 respondit,
678 943 731 967 quod
746 949 785 961 non
800 943 869 961 tolerat
885 943 975 961 articulos
989 943 1033 962 fidei
1048 943 1067 961 in
1082 949 1135 968 prae-

203 974 264 992 sentia
285 980 319 992 sua
337 974 356 992 in
374 974 456 992 dubium
476 980 574 997 revocare,
594 974 627 992 sed
647 974 761 992 tantundem
780 974 863 992 admittit
883 974 1004 998 quaestiones
1024 974 1095 997 facere,
1115 978 1136 993 ut

203 1005 265 1029 possit
279 1005 396 1023 contrarium
412 1011 446 1029 per
459 1005 565 1023 solutiones
582 1005 663 1023 vincere.
1099 1027 1102 1029 -

267 1036 313 1054 ltem
328 1036 464 1060 interrogatus,
478 1036 502 1054 de
516 1036 610 1055 coelibatu
625 1040 644 1054 et
658 1037 778 1054 sacerdotum
797 1036 921 1055 matrimonio
941 1036 987 1061 quid
1008 1035 1087 1055 sentiat?
1107 1042 1135 1055 re-

203 1067 293 1092 spondit:
308 1067 335 1086 lta
349 1067 420 1090 sentio,
436 1071 494 1092 prout
507 1067 591 1086 Ecclesia
606 1071 666 1090 tenet,
681 1067 710 1086 cui
726 1067 770 1085 volo
785 1073 825 1086 esse
839 1068 940 1090 obedienS,
955 1071 973 1086 et
987 1067 1040 1091 dico,
1054 1068 1135 1086 coeliba-

202 1102 244 1117 tum
266 1104 307 1117 esse
326 1098 468 1117 observandum
488 1105 498 1117 a
518 1098 658 1121 sacerdotibus,
681 1098 751 1123 quibus
769 1098 913 1117 matrimonium
930 1105 969 1117 non
988 1105 1028 1117 esse
1048 1105 1133 1117 necessa-

203 1130 254 1148 rium
268 1134 323 1154 puto.

267 1161 314 1179 ltern
328 1161 462 1185 interrogatus,
476 1161 569 1186 imagines
584 1165 602 1179 et
616 1167 720 1185 campanae
735 1167 781 1179 num
795 1161 833 1179 sint
847 1161 994 1184 benedicendae,
1010 1161 1136 1179 honorandae

203 1196 222 1210 et
236 1192 255 1210 in
271 1192 354 1211 Ecclesia
372 1191 494 1211 retinendae?
511 1192 618 1216 respondit:
636 1192 695 1214 Dico,
710 1198 750 1210 esse
765 1192 833 1210 merito
851 1192 991 1210 benedicendas
1005 1197 1024 1211 et
1038 1192 1056 1210 in
1071 1192 1135 1210 Eccle-

202 1223 230 1241 sia
246 1223 361 1245 retinendas,
375 1223 408 1242 sed
422 1227 486 1242 tamen
501 1223 576 1245 vellem,
590 1227 611 1241 ut
623 1223 641 1241 in
653 1223 749 1247 aliquibus
763 1223 833 1241 abusus
847 1223 951 1246 tolleretur,
966 1228 986 1242 ut
997 1223 1073 1246 sciatur,
1086 1229 1135 1248 quo-

203 1254 264 1272 modo
279 1254 361 1273 debeant
374 1254 472 1277 honorari,
487 1260 531 1272 nam
546 1261 556 1273 a
570 1254 689 1278 simplicibus
704 1254 795 1272 coluntur
809 1258 829 1272 ut
843 1254 880 1272 Dii.

268 1285 314 1303 ltem
330 1285 468 1310 interrogatus,
481 1291 505 1303 an
520 1285 539 1303 in
554 1285 596 1304 aula
610 1291 643 1303 sua
658 1285 721 1303 foveat
735 1289 754 1303 et
768 1289 881 1309 promoveat
896 1285 984 1304 homines
998 1289 1096 1310 suspectos
1111 1286 1135 1304 de

202 1315 289 1335 haeresi?
308 1316 414 1340 respondit,
434 1322 453 1335 se
469 1316 543 1335 nullum
561 1320 671 1340 suspectum
687 1317 710 1334 de
725 1316 797 1334 haeresi
812 1316 830 1334 in
845 1316 897 1334 curia
914 1322 946 1334 sua
961 1316 1040 1339 habere,
1061 1320 1135 1341 praeter

202 1348 301 1373 quendam
316 1347 415 1366 Simonem
432 1348 552 1367 sacerdotem
567 1348 590 1366 de
605 1348 709 1370 Vieliczka,
728 1348 761 1366 sed
775 1351 816 1366 tum
837 1347 922 1370 nescivit,
937 1354 960 1365 an
975 1347 1079 1372 aliquando
1094 1353 1134 1366 sus-

202 1383 271 1404 pectus
285 1379 342 1397 fuerit
355 1379 378 1397 de
393 1379 466 1397 haeresi
479 1383 496 1397 et
508 1379 560 1403 quod
574 1379 598 1397 sit
612 1385 646 1403 per
659 1379 774 1397 sententiam
790 1379 826 1397 Dni
841 1379 1006 1397 Administratoris
1020 1378 1134 1397 Cracovien-

200 1411 227 1429 sis
237 1410 246 1422 ²
259 1410 400 1434 pronunciatus
414 1410 529 1433 haereticus;
544 1414 565 1428 ut
579 1414 643 1428 autern
658 1410 761 1433 intellexit,
777 1410 874 1434 promisit,
894 1416 913 1428 se
928 1409 981 1428 illum
996 1416 1018 1428 ex
1033 1409 1083 1428 curia
1101 1415 1134 1428 sua

200 1442 337 1466 allegatus-um.

266 1473 315 1491 Item
329 1473 463 1497 interrogatus,
478 1479 502 1491 an
514 1473 575 1491 faveat
586 1476 604 1491 et
616 1472 746 1497 patrocinetur
760 1472 824 1496 impiis
839 1472 969 1496 dogmatibus,
984 1478 1033 1496 quae
1048 1476 1135 1496 pugnant

198 1510 247 1523 cum
261 1504 349 1522 doctrina
364 1504 458 1522 Ecclesiae
476 1503 595 1522 orthodoxae
610 1502 719 1522 Romanae?
737 1503 845 1528 respondit,
863 1503 915 1527 quod
930 1509 968 1521 non
989 1503 1038 1521 favet
1052 1509 1087 1521 nec
1101 1509 1134 1527 pa-

197 1535 316 1555 trutinatur.

266 1571 328 1590 Rmus
341 1571 397 1590 Dnus
417 1566 532 1595 Androm,
554 1571 588 1590 Dei
603 1571 663 1596 gratia
678 1571 785 1595 Episcopus
806 1565 922 1588 plocensis
932 1569 952 1587 ³:

266 1603 363 1627 Imprimis
383 1603 519 1628 interrogatus,
539 1609 585 1621 num
604 1603 668 1621 credat
688 1602 777 1621 articulos
797 1601 852 1621 fidei?
873 1602 971 1626 respondit
991 1608 1025 1626 per
1045 1602 1134 1620 verbum:

184 1635 275 1658 ’Cr-edo,
289 1638 349 1659 prout
363 1634 383 1652 in
397 1634 497 1659 Symbola.

235 1698 242 1709 ¹
266 1697 319 1712 chaz
330 1700 357 1712 ten
368 1697 438 1717 wyszedt
448 1697 469 1712 od
480 1696 554 1716 Julijusza
566 1696 590 1715 ΙΙΙ,
602 1696 621 1711 cs.
634 1696 669 1715 848.
733 1696 739 1706 ²
753 1696 765 1711 J.
778 1696 874 1716 Przerebski.
937 1696 944 1706 ³
958 1695 1057 1712 Noskowski.
