1465 2093
560 209 701 226 emsmomtm
714 212 769 226 mm
773 221 778 230 ,
792 212 898 225 spemn.
1158 207 1194 229 543

285 296 332 315 867.
445 297 596 319 Capitulum
611 296 782 315 cracoviense
796 297 824 315 A.
838 296 990 315 Zebridovio
1001 296 1012 313 ¹.

848 342 964 365 Cracoviae,
979 343 1004 360 1⁹
1016 342 1122 360 Februarii
1137 343 1193 360 1557.

326 380 402 402 Quanta
419 379 489 401 studia,
510 385 564 397 curas
579 384 596 397 et
611 383 690 398 conatus
705 379 723 397 in
739 379 837 404 religionis
857 379 935 403 negotio
956 378 1020 397 fecerit
1038 378 1083 397 Dtio
1097 378 1120 397 V.
1135 378 1157 396 R.
1173 378 1192 396 in

259 411 357 436 proximis
377 411 543 429 Varsseviensibus
563 411 652 429 Comitiis
661 411 675 434 Ἰ,
696 417 731 429 nos
751 411 822 429 nedum
837 417 859 429 ex
878 410 937 429 literis
957 410 1016 434 ipsius
1037 410 1113 428 Dtionis
1127 410 1150 428 V.
1166 410 1194 433 tt„

259 449 309 467 quas
325 442 416 467 proximis
431 442 499 460 diebus
513 442 536 460 ad
552 448 587 460 nos
599 442 661 464 dedit,
682 448 747 460 verum
763 442 819 460 etiam
834 448 856 460 ex
871 441 962 460 relatione
980 441 1059 460 fratrum
1076 445 1193 463 nostrorum,

260 474 300 492 Dni
315 473 450 492 Archidiaconi
466 477 484 491 et
498 473 604 497 Praepositi
625 473 764 496 Cracoviensis,
780 474 840 498 probe
859 473 992 491 intelleximus.
1013 473 1124 491 Recitarunt
1143 472 1193 491 enim

260 505 318 523 nobis
333 505 390 523 iidem
406 504 471 523 fratres
489 504 548 522 nostri
564 510 603 523 non
618 504 670 523 brevi
684 510 784 526 sermone,
804 505 857 529 quoti
873 511 911 523 non
927 504 999 529 vulgari
1014 504 1122 528 diligentia,
1136 504 1193 522 intre-

261 536 308 560 pido
328 536 393 554 animo
407 542 428 554 ac
442 541 518 554 summa
538 535 629 554 industria
647 542 690 558 sua,
710 542 747 560 qua
767 536 834 554 ceteris
854 535 944 554 omnibns
965 539 1048 560 praestat
1067 535 1111 553 Dtio
1126 535 1148 553 V.
1164 535 1194 557 R.,

260 567 375 592 religionem
391 567 480 585 Sanctam
500 566 597 591 fidemque
611 567 739 585 orthodoxam
757 571 814 592 atque
829 567 876 585 adeo
891 567 1001 585 universum
1023 567 1085 591 ipsum
1105 566 1194 585 ordinem

260 599 409 617 ecclesiasticum
430 602 489 617 tutata
509 598 574 620 fuerit,
595 598 618 616 de
634 604 671 622 qua
686 604 705 617 re
721 598 772 617 Deus
789 598 814 617 sit
833 598 944 617 benedictus
959 598 977 616 in
992 598 1061 616 secula.
1085 597 1118 615 Est
1137 597 1195 622 igitur

260 636 337 652 revera,
359 635 392 648 cur
412 636 447 648 nos
467 629 550 648 universi
565 635 586 647 ac
600 629 670 654 singuli
690 629 758 652 etiam,
780 636 801 648 ac
816 633 867 648 totus
887 629 970 653 denique
989 629 1037 647 ordo
1057 628 1153 647 Ecclesiae
1171 628 1193 646 R.

259 661 328 680 Dtioni
349 661 378 684 V.,
399 661 485 679 Praelato
500 665 518 678 et
531 664 614 684 patrono
635 664 709 683 nostro,
725 661 830 685 plurimum
845 661 958 683 debeamus,
978 660 1034 685 eique
1048 666 1133 678 summas
1152 665 1194 684 gra-

259 692 295 710 tias
309 698 389 716 agamus
404 692 438 715 ita,
458 696 479 710 ut
493 697 558 710 revera
573 691 648 716 agimus
663 696 681 710 et
695 691 797 715 habemus,
818 692 875 716 idque
889 692 942 710 omni
962 691 1026 710 studio
1041 696 1059 710 et
1073 691 1193 710 observantia

259 728 328 742 nostra
348 729 391 748 erga
412 723 501 741 Dtionem
517 723 539 741 V.
554 722 577 741 R.
592 723 687 741 declarare
703 729 781 747 semper
795 723 909 742 curabimus.
930 725 992 748 Atque
1007 727 1026 741 et
1040 729 1090 741 nunc
1105 726 1125 740 ut
1139 722 1158 740 in
1173 728 1194 740 ea

258 755 356 779 praesenti
371 754 447 772 Dtionis
462 754 485 773 V.
500 754 522 772 R.
538 754 680 778 postulatione,
702 760 760 779 quain
775 754 799 773 ad
813 761 848 773 nos
864 761 925 779 nuper
939 755 962 773 de
977 758 1038 773 castro
1053 754 1153 772 Muschina
1167 753 1193 772 fe-

258 786 295 808 cit,
310 786 459 804 declarassemus
474 785 492 804 iti
507 792 546 803 non
562 785 667 807 illibenter,
686 786 720 804 nisi
734 786 808 811 legibus
822 790 840 805 et
855 785 1031 804 Constitutionibus
1051 785 1145 804 Ecclesiae
1159 791 1193 803 no-

258 821 316 840 strae,
331 821 451 835 sacramento
466 817 521 835 etiam
537 817 638 841 cujuslibet
652 821 739 835 nostrum
754 817 833 836 firmatis
845 821 863 836 et
874 817 974 839 roboratis,
989 817 1089 836 fuissemus
1101 816 1194 841 impediti.

259 848 304 866 Huc
320 848 377 866 etiam
397 848 470 866 accedit
489 847 548 866 solius
568 847 643 866 Dtionis
658 848 680 866 V.
696 848 718 866 R.
734 849 800 867 cadere
820 848 928 867 admonitio
944 854 978 867 seu
996 848 1058 866 verius
1078 847 1194 872 objurgatio,

259 885 298 904 qua
314 885 358 904 erga
373 885 409 897 nos
424 885 456 897 usa
472 883 505 901 est,
521 879 567 897 dum
583 883 626 903 post
640 884 723 898 mortem
739 880 776 898 Dni
790 880 836 898 olim
852 880 946 898 Samuelis
957 880 965 891 ³
978 880 1001 898 de
1016 879 1071 898 certis
1085 879 1133 897 villis
1148 885 1194 897 con-

259 910 352 929 fratribus
367 910 441 933 nostris,
455 910 543 929 videlicet
558 910 702 929 Podliodowski
713 911 719 923 ⁴
737 915 756 929 et
770 911 868 929 Liezenski
879 911 886 923 ⁵
903 910 1004 935 inscriptis,
1019 910 1121 929 nobiscum
1136 916 1194 934 expo-

259 942 349 964 stularet,
364 946 420 966 atque
435 941 491 960 etiam
507 941 563 959 nobis
577 942 627 960 serio
641 942 773 965 interdiceret,
793 946 813 961 ut
828 948 851 960 ne
865 942 955 965 omnino,
969 942 984 960 si
999 942 1078 967 quando
1093 941 1194 966 contigerit

260 973 312 991 illam
328 973 377 991 bona
391 973 455 997 aliqua
470 972 564 991 Ecclesiae
579 979 658 991 suorum
673 973 729 991 alicui
744 973 831 992 conferre
845 973 902 996 velle,
917 973 976 992 ullum
992 979 1077 997 unquam
1095 978 1193 991 assensum

262 1007 409 1028 praestaremus.
421 1003 477 1025 Unde
486 1009 529 1022 cum
541 1009 564 1022 ex
573 1004 633 1022 causis
642 1004 756 1028 supradictis
766 1008 805 1023 tum
816 1008 872 1027 certe,
883 1005 936 1029 quod
946 1004 969 1023 sit
981 1010 1009 1023 res
1019 1004 1095 1029 pessimi
1105 1003 1193 1027 exempli,

260 1039 364 1059 vergatquc
379 1035 398 1053 in
412 1034 500 1053 omnium
515 1035 643 1053 Ecclesiarum
660 1036 727 1060 ingens
741 1036 886 1059 detrimentum,
901 1042 924 1054 eo
939 1036 991 1054 enim
1006 1035 1094 1060 exemplo
1108 1041 1147 1053 non
1162 1041 1192 1053 sn-

261 1067 301 1085 lum
315 1072 435 1085 successores
456 1066 532 1085 orionis
547 1067 568 1085 V.
585 1067 613 1089 R„
634 1067 668 1085 sed
682 1067 739 1086 etiam
754 1071 772 1086 et
786 1067 817 1086 alii
832 1067 888 1092 hujus
909 1067 1018 1092 provinciae
1032 1066 1123 1091 Episcopi
1144 1067 1193 1085 bona

262 1097 389 1116 Ecclesiarum
410 1097 506 1116 alienandi
521 1102 539 1116 et
557 1098 674 1116 distrahendi
694 1099 789 1123 sumpturi
809 1103 871 1117 essent
891 1103 1008 1123 praetextum
1028 1102 1047 1117 et
1065 1097 1193 1117 occasionem:

262 1135 321 1153 quare
341 1129 423 1152 petimus
444 1135 454 1146 a
469 1129 539 1147 Dtione
555 1129 576 1147 V.
592 1129 614 1148 R.
635 1130 727 1154 majorem
743 1130 761 1148 in
777 1130 868 1152 modum,
888 1130 977 1155 dignetur
994 1130 1013 1148 in
1028 1136 1049 1148 ea
1064 1136 1083 1148 re
1099 1129 1192 1154 majorem

262 1160 359 1185 dignitatis
373 1164 391 1178 et
405 1160 550 1179 existimationis
570 1167 614 1179 suae
629 1161 699 1179 habere
719 1161 822 1184 rationem,
847 1167 909 1186 neque
927 1161 963 1179 hoc
983 1161 1054 1180 facturn
1074 1167 1109 1185 pro
1129 1161 1192 1178 innata

262 1191 361 1210 clementia
376 1197 409 1209 sua
424 1191 442 1209 in
458 1191 557 1210 meliorem
578 1192 698 1216 interpretari
719 1196 798 1217 partem.
819 1193 847 1211 De
862 1193 943 1218 Synodo
964 1193 1065 1211 diocesana
1080 1191 1193 1210 celebranda

261 1222 327 1240 allatae
342 1226 386 1241 sunt
400 1228 462 1246 nuper
476 1223 500 1240 ad
515 1229 550 1241 nos
564 1223 629 1242 literae
644 1223 667 1241 R.
682 1223 719 1242 Dni
734 1223 880 1248 Archiepiscopi
895 1223 1018 1246 Gnesnensis.
1034 1229 1115 1248 quatum
1131 1229 1193 1242 exem*

262 1254 302 1277 plar
318 1253 383 1271 Dtioni
398 1253 420 1272 V.
436 1253 458 1271 R.
474 1254 606 1278 praesentibus
621 1255 733 1279 adjunctum
749 1255 851 1278 mittimus,
866 1255 953 1280 quamvis
967 1255 1013 1274 alias
1027 1255 1098 1274 similes
1116 1260 1193 1279 quoque

262 1285 323 1303 literas
340 1284 430 1303 Dtionem
445 1284 468 1303 V.
484 1285 506 1303 R.
521 1285 609 1304 habuisse
631 1292 670 1304 non
685 1286 800 1305 dubitamus.
821 1286 906 1305 Oramus
920 1290 984 1305 autem
1004 1292 1059 1311 prece
1074 1292 1112 1310 qua
1127 1292 1193 1310 possu-

263 1322 304 1334 mus
319 1316 392 1340 majore
407 1316 497 1334 Dtionem
512 1316 534 1334 V.
550 1316 579 1339 R„
595 1316 613 1335 id
628 1318 681 1341 quod
696 1322 714 1335 et
728 1317 759 1335 alii
774 1324 852 1342 quoque
872 1318 959 1336 catholici
979 1317 1082 1336 Senatores
1096 1317 1126 1335 hic
1141 1323 1193 1335 com-

262 1351 358 1366 morantes
372 1347 452 1365 summis
474 1347 572 1366 desideriis
587 1347 704 1373 efflagitant,
721 1353 742 1367 ut
756 1348 801 1367 Dtio
816 1349 839 1367 V.
854 1349 876 1367 R.
891 1349 928 1367 huc
942 1349 965 1367 ad
981 1355 1015 1367 nos
1030 1355 1087 1373 quam
1108 1348 1192 1372 primum

262 1379 323 1397 veniat
344 1379 484 1403 nobiscumque
499 1385 536 1397 una
551 1385 594 1398 cum
609 1380 633 1398 de
648 1379 727 1405 Synodo
748 1380 854 1404 praedicta,
875 1386 913 1405 quo
928 1380 971 1399 loco
988 1380 1059 1398 scilicet
1073 1384 1092 1398 et
1105 1383 1193 1404 tempore

261 1410 284 1428 sit
303 1410 426 1432 celebranda,
448 1414 488 1428 tum
503 1410 526 1428 de
541 1411 607 1429 ceteris
628 1417 707 1435 quoque
727 1411 824 1435 religionis
845 1415 863 1430 et
880 1411 975 1430 Ecclesiae
995 1411 1051 1430 rebus
1072 1411 1193 1434 consultura;

261 1441 323 1459 clerus
343 1441 394 1459 enim
414 1441 471 1459 miser
492 1447 530 1459 non
546 1442 608 1460 solum
628 1442 702 1466 injuriis
717 1446 735 1461 et
752 1447 880 1467 proventuum
901 1443 1032 1467 ademptione,
1051 1446 1071 1461 ut
1088 1442 1146 1465 olim,
1160 1442 1193 1460 sed

260 1472 321 1491 modo
339 1472 396 1490 etiam
417 1472 522 1497 majoribus
541 1472 624 1491 afficitur
643 1473 754 1492 verberibus
774 1480 795 1492 ac
813 1474 929 1492 vulneribus.
950 1473 1035 1498 Contigit
1049 1473 1142 1497 siquidem
1163 1473 1193 1491 hic

258 1508 314 1523 certo
328 1503 366 1526 die,
381 1503 434 1528 quod
449 1504 495 1522 dum
509 1504 587 1528 quidam
603 1504 642 1522 duo
657 1505 765 1529 Presbyteri
779 1508 892 1528 castrenses,
909 1505 956 1524 alter
971 1505 1065 1527 Vicarius,
1081 1505 1140 1523 homo
1154 1504 1192 1529 jam

256 1536 316 1560 plane
331 1534 447 1559 decrepitus,
468 1535 514 1553 alter
529 1535 646 1558 Psalterista,
666 1540 748 1554 castrum
763 1536 887 1555 ascenderent
900 1536 945 1555 solis
962 1536 1025 1555 adhuc
1039 1540 1082 1555 ante
1097 1542 1193 1558 occasum,

256 1566 338 1591 quidam
353 1566 484 1591 Hieronymus
499 1566 636 1585 Mischkowski
651 1567 718 1585 obvios
730 1573 762 1586 eos
774 1571 818 1586 ante
832 1572 907 1592 portam
921 1572 1036 1586 castrensem
1052 1567 1131 1589 habenS,
1143 1566 1192 1585 facto

256 1599 272 1617 'n
290 1603 326 1616 eos
342 1597 415 1621 impetu
431 1597 506 1622 utrique
527 1598 578 1616 clava
593 1598 662 1621 ferrea,
682 1604 741 1623 quam
756 1603 800 1617 tunc
815 1599 854 1618 suis
868 1600 953 1624 gestabat
971 1599 1069 1622 manibus,
1088 1605 1121 1617 ora
1136 1598 1193 1617 simul

288 1682 294 1692 ι
321 1680 369 1695 cnm
381 1680 444 1695 Archivi
457 1680 525 1700 Capituli
537 1681 580 1696 ecci.
591 1681 631 1696 cath.
644 1681 693 1698 erac..
705 1681 725 1696 lv
740 1683 832 1702 174—175.

286 1707 295 1718 ²
320 1706 345 1721 Cf.
357 1705 392 1721 866.
458 1706 464 1716 ³
479 1707 589 1725 Maciejowski.
655 1708 661 1717 ⁴
675 1707 744 1728 Georgii.
808 1709 814 1718 Β
829 1709 894 1724 Nicolai-
