1465 2093
270 225 307 245 34⁰
639 224 658 238 Α.
672 223 835 238 znnnzrnowm.

268 277 356 302 ligentia,
376 276 487 295 dexteritate
502 282 536 301 par
551 280 569 295 et
582 276 673 301 aequalis.
697 277 761 299 Quem
775 282 837 301 quum
853 276 937 300 miserit,
957 276 1019 301 copiis
1033 280 1089 301 atque
1106 277 1170 301 praesidia

268 308 330 333 sepiet
343 308 366 327 V.
381 308 430 327 Mtas
449 308 491 332 tali,
512 308 567 333 quale
586 308 677 327 adversus
694 308 775 326 leviores
794 307 875 333 alicujus
894 308 979 332 impetus
998 308 1062 326 valere
1081 312 1134 333 queat.
1149 308 1170 327 Sed

269 344 333 359 tamen
352 343 371 358 et
384 339 456 364 reliqua
471 346 493 358 ex
507 345 542 358 usu
556 344 613 364 atque
628 339 720 364 dignitate
735 343 775 357 turn
790 345 824 357 sua
838 343 879 357 tum
894 339 1021 364 Reipublicae
1036 339 1129 358 constituet
1137 339 1169 358 V.S.

269 371 324 393 Mms,
339 371 369 389 cui
382 371 477 389 Dominus
491 371 543 389 Deus
558 371 636 395 longam
649 371 778 389 valetudinem
794 374 813 389 et
824 370 881 395 hujus
895 370 958 389 luctus
972 370 1064 389 solatium
1077 370 1111 389 cito
1122 371 1169 389 tribua

270 402 391 421 Venciborco
403 403 414 426 ¹,
428 402 481 422 XXII
496 402 541 427 Maji
556 402 627 421 MDLI.

295 480 340 501 649.
688 480 786 500 Eidem.

911 527 1032 550 Venciborci,
1047 528 1072 546 23
1084 527 1127 552 Maji
1137 528 1167 546 155!-

332 565 450 584 Pcrmolesta
464 565 511 583 mihi
526 571 598 589 perque
612 565 675 589 gravis
689 568 717 583 est
729 570 771 583 mea
785 564 820 582 ista
832 570 842 582 a
854 564 876 582 V.
889 563 909 582 S.
921 564 981 583 Mtate
994 564 1087 587 absentia,
1099 564 1129 582 ho:
1137 569 1168 588 pne-

269 597 334 616 sertim
349 601 446 622 ternpore,
467 602 527 621 quum
542 596 572 615 vel
586 600 703 615 maerentem
722 595 789 618 solari,
809 595 839 614 vel
853 595 949 614 abeunti²
968 595 1075 614 valedicere
1093 594 1167 614 effidima·

270 628 336 647 fuerat.
358 628 396 647 Sed
410 632 474 647 tamen
488 634 549 652 quum
564 627 583 646 in
598 627 679 653 Synodo
694 630 759 645 nostra
774 626 886 651 provinciali
896 626 904 639 ³
921 623 990 645 'adesse
1004 633 1037 645 me
1051 626 1124 645 maxime
1135 632 1167 651 ορα-

269 664 327 682 teret,
346 659 457 684 intereaque
471 659 495 677 ad
510 658 590 683 patriam
606 658 725 681 deflexerim,
745 658 799 682 cujus
813 658 907 676 videndae
922 658 952 676 vix
966 657 1014 676 mihi
1034 664 1113 683 unquam
1128 661 1168 682 putta

269 691 345 709 dabitur
364 690 429 715 copia,
449 690 507 708 incidi
521 690 611 714 gravibus
625 689 665 708 istis
680 690 703 708 de
718 689 779 708 causis
794 689 813 707 in
828 694 870 707 eam
886 689 1005 713 molestiam,
1026 693 1047 707 ut
1061 689 1104 708 mihi
1120 688 1167 707 abeunti

269 722 292 740 V.
307 722 365 740 Mtate
380 721 399 740 S.
415 721 519 740 carendum
533 721 562 739 sit,
578 721 670 739 Praesens
685 721 742 745 igitur
757 721 809 745 quod
824 726 906 745 neque0,
920 720 1017 745 supplebo
1032 726 1066 745 per
1077 720 1135 743 literas,
1144 725 1167 738 οιι-

270 753 334 777 boque
349 757 368 771 et
384 753 478 771 hortabor
492 752 515 771 V.
530 751 548 770 S.
567 752 656 775 Mtatem,
677 758 700 770 ne
717 758 737 770 se
755 752 792 770 hoc
811 752 863 770 luctu
884 755 967 770 maceret
987 758 1036 770 neve
1055 751 1138 773 conficiat,
1149 750 1167 775 qui

270 784 323 802 nullo
338 784 428 802 inusitato
443 783 540 808 exemplo,
561 784 593 802 sed
608 783 708 802 communi
723 787 802 802 naturae
817 787 893 802 nostrae
907 783 949 808 lege
964 782 1033 801 invasit
1047 783 1119 802 Mtntem
1131 781 1167 804 V.S.,

270 821 319 840 quae
333 821 372 839 quo
387 815 448 840 magis
462 815 536 833 excelso
551 821 571 833 a:
586 814 655 833 Illustri
669 815 714 833 loco
729 815 791 839 posita
806 818 844 838 est,
858 814 894 833 hoc
909 814 969 839 magis
984 814 1004 833 in
1019 814 1140 833 communibus
1151 819 1167 831 α-

269 847 322 865 sibus
336 846 455 871 perferendis
470 846 565 865 excelsum
579 846 666 865 animum
681 850 776 870 praestare
790 846 854 869 debet,
868 846 917 865 sicut
928 846 1022 864 hactenus
1034 852 1077 864 cum
1088 850 1167 870 magnam

269 878 325 896 laude
340 881 435 902 praestare
451 878 486 896 fuit
500 877 562 896 solita.
585 877 658 896 Sarciet
672 877 724 896 Deus
739 882 757 896 et
770 877 849 902 quidem
870 883 906 902 pro
921 883 955 896 sua
970 877 1088 902 benignitate
1100 876 1168 897 cumulsst,

270 909 364 934 quidquid
385 909 506 934 deperditum
521 913 557 927 est:
572 909 595 927 V.
610 909 669 927 modo
690 908 709 927 S.
725 909 774 927 Mtas
791 908 898 933 procuratis
912 908 934 926 iis
949 909 1018 931 rebus,
1038 914 1086 933 quae
1103 907 1168 932 religion

269 940 288 959 in
303 940 413 959 defunctam
433 940 536 965 conjugem
557 940 618 965 pietas
639 940 760 965 praescribit,
779 940 852 958 luctum
872 943 988 964 compescat.
1012 940 1037 958 Et
1055 940 1097 964 quia
1111 937 1167 958 nonsibi

270 975 344 990 tantum
359 971 404 990 vivit
418 971 441 990 V.
457 971 476 990 S.
491 971 548 995 Mtas,
566 971 599 990 sed
614 971 683 996 Regno
697 971 741 990 huic
756 971 830 996 Reique
844 971 944 995 publicae,
961 971 995 989 det
1008 970 1046 989 hoc
1061 971 1119 993 nobis,
1129 968 1167 994 quiin

270 1002 330 1027 ipsius
350 1003 418 1027 Regno
436 1003 493 1027 inque
512 1003 547 1021 hac
566 1003 671 1027 Republica
692 1003 782 1025 vivimus,
803 1008 827 1021 rte
845 1008 880 1021 nos
898 1008 985 1020 maerore
1004 1008 1041 1021 suo
1058 1001 1077 1020 in
1093 1001 1167 1026 squaiomn

236 1046 238 1048 -
269 1034 354 1057 abjiciat:
375 1034 443 1053 excitet
457 1040 492 1053 nus
512 1034 577 1058 potius
591 1040 613 1053 ex
628 1034 650 1052 iis
665 1034 777 1059 lachrymis,
798 1034 817 1052 in
832 1039 926 1058 spemque
940 1037 996 1052 vocet
1014 1034 1093 1056 bonam,
1109 1032 1167 1051 indiam

269 1065 334 1083 anirno
349 1065 372 1083 ad
388 1071 447 1083 novas
462 1069 480 1083 et
494 1065 582 1089 dignitati
600 1071 644 1084 suae
659 1071 714 1090 pares
729 1065 816 1090 nuptias,
836 1071 872 1089 pro
887 1065 957 1089 quibus
972 1068 990 1083 et
1005 1064 1086 1083 Senatus
1100 1064 1119 1082 V.
1129 1061 1167 1082 Muti!

269 1096 371 1119 laborabit,
391 1100 409 1114 et
423 1097 486 1115 omnis
501 1100 565 1115 nostra
581 1096 681 1121 posteritas
696 1096 772 1121 Resque
787 1096 827 1121 ipsa
842 1096 919 1121 publica
939 1095 1010 1121 gratias
1024 1100 1067 1121 aget
1081 1093 1166 1114 immomln

269 1127 300 1146 Sic
315 1131 343 1146 est
357 1127 407 1145 enirn
429 1127 448 1146 S.
463 1127 503 1146 Rex
521 1127 611 1146 omnibus
628 1128 667 1146 sive
685 1128 767 1152 ingenii,
788 1128 827 1146 sive
845 1127 938 1152 corporiS,
958 1127 997 1146 sive
1012 1127 1100 1146 fortunae
1116 1125 1167 1145 dorthin,

269 1164 303 1183 par
317 1159 376 1177 cuivis
388 1159 409 1177 V.
425 1159 475 1177 Mtas
489 1165 530 1177 esse
544 1162 607 1183 potest
621 1165 643 1177 ex
658 1159 711 1178 istius
726 1159 792 1178 aetatis
807 1159 935 1183 Principibus,
950 1159 1056 1177 nonnullos
1070 1158 1120 1177 etiam
1130 1158 1166 1181 1:¹⁰m

268 1196 368 1214 superare,
388 1190 441 1214 quod
455 1190 470 1208 si
485 1190 522 1214 jam
543 1194 640 1214 praeterea
660 1190 708 1209 hanc
731 1190 791 1215 ipsius
811 1189 923 1215 dignitatem
937 1195 972 1214 par
990 1190 1077 1215 conjugis
1091 1193 1106 1208 et
1117 1190 1166 1212 sponfll

269 1220 351 1245 dignitas
365 1221 476 1242 honestarit.
491 1221 527 1240 dici
541 1227 580 1239 non
594 1225 662 1246 potest,
677 1227 735 1246 quam
750 1221 858 1240 immortale
873 1221 931 1239 decus
943 1221 965 1239 V.
977 1221 1058 1239 Mtatem
1072 1221 1166 1244 subsequatur-

269 1252 310 1276 Ego
326 1252 411 1276 quidem,
427 1252 460 1270 Dei
476 1252 554 1270 Maximi
568 1253 657 1271 sacerdus
672 1253 790 1275 immeritus,
805 1252 827 1270 V.
842 1252 921 1270 Mtatem
937 1252 972 1270 hac
987 1252 1061 1271 ratione
1079 1247 1165 1273 domi,fori¹

268 1283 372 1308 gloriosam
388 1283 406 1301 in
421 1289 477 1307 pace,
496 1284 514 1302 in
530 1284 579 1302 bello
595 1283 723 1306 fortunatam,
738 1283 804 1302 amicis
819 1283 907 1307 charam,
925 1283 1007 1302 subditis
1022 1277 1165 1304 reverendam&

269 1314 323 1332 rnicis
338 1314 454 1332 horrendam
469 1314 509 1333 sore
524 1315 607 1333 ominor.
627 1315 658 1333 Sic
672 1321 682 1333 a
698 1315 755 1333 nobis
770 1315 806 1333 hoc
822 1315 856 1333 iter
871 1314 1007 1333 Lithuanicum
1022 1314 1066 1333 felix
1079 1312 1165 1338 ingrediatur.

269 1345 292 1363 ad
308 1351 380 1370 nosque
399 1345 507 1364 felicissima
526 1346 597 1364 redeat.
614 1346 688 1365 Interea
703 1346 750 1365 durn
768 1346 831 1369 abest,
850 1350 870 1364 ut
885 1346 920 1364 Dei
935 1345 1041 1364 Ecclesiam
1055 1345 1089 1364 sibi
1101 1346 1165 1363 commffl‘

269 1377 333 1395 datam
349 1377 426 1400 habeat,
442 1381 460 1395 et
474 1377 575 1401 praecipue
590 1383 664 1400 meam,
679 1377 698 1395 in
713 1383 771 1402 quarn
786 1384 816 1395 rne
831 1377 883 1395 Deus
905 1380 923 1395 et
936 1377 959 1396 V.
974 1377 1024 1395 Mtas
1044 1376 1110 1401 posuit,
1120 1374 1164 1393 diuet?
1188 1389 1191 1391 .

269 1408 305 1426 sim
320 1407 474 1431 cracoviensem,
490 1408 508 1426 id
523 1409 547 1426 ab
562 1409 592 1426 illa
607 1409 730 1427 vehementer
745 1408 801 1427 ctiam
816 1412 873 1433 atque
888 1409 946 1427 etiam
961 1414 997 1427 oro
1012 1412 1030 1427 et
1044 1413 1114 1433 quaeso.
1125 1405 1163 1424 ΗΜ·

269 1439 314 1458 tiam
334 1439 473 1458 auda-culorum
494 1440 615 1464 quorundam
634 1443 652 1458 et
671 1440 733 1458 verbis
753 1440 843 1458 retundat
859 1443 877 1458 et
896 1439 956 1464 gratia
974 1445 998 1458 ne
1017 1442 1125 1464 promoveat.
1138 1432 1163 1454 fflffl

268 1470 383 1494 praeseferat
397 1470 473 1494 potius,
493 1471 526 1495 qui
541 1471 594 1489 aliter
609 1471 632 1489 de
647 1471 745 1495 religione,
761 1477 819 1495 quarn
834 1471 874 1495 ipsa
889 1471 956 1494 sentit,
970 1471 1063 1493 sentiunt,
1080 1463 1163 1488 invisffisibi

269 1508 315 1520 esse,
331 1502 376 1524 Quo
390 1502 409 1520 in
424 1508 494 1526 genere
508 1502 523 1520 si
538 1502 616 1526 quando
631 1506 664 1521 aut
678 1508 714 1527 ego
729 1502 779 1526 ipse,
800 1506 832 1521 aut
847 1502 1040 1521 Venerabile'meum
1054 1494 1163 1525 capitulum*

268 1533 292 1551 V.
307 1533 326 1551 S.
342 1533 421 1551 Mtatem
436 1533 542 1556 recurrerit,
557 1533 627 1552 auxilio
643 1533 699 1551 nobis
714 1537 732 1552 et
746 1533 842 1558 praesidio
857 1539 898 1551 esse
913 1533 1009 1558 dignetur.
1028 1533 1047 1552 ld
1060 1533 1118 1551 iterum
1128 1531 1163 1552 ¹⁰³¹*

268 1564 337 1582 iterum
352 1570 362 1582 a
378 1564 399 1582 V.
415 1563 433 1582 S.
449 1564 508 1582 Mtate
530 1570 608 1583 oramus
623 1568 641 1582 et
654 1564 786 1587 obsecramus,
810 1564 839 1583 cui
859 1570 894 1583 nos
909 1564 928 1583 in
943 1565 1023 1589 gratiam
1043 1569 1061 1583 et
1078 1559 1162 1582 clemtnfiflfl

269 1595 434 1613 commendamus.
450 1595 520 1614 Datum
536 1595 656 1614 Venciborco
672 1602 694 1614 ex
709 1596 766 1614 natali
780 1596 828 1619 solo,
843 1595 904 1614 XXIII
919 1596 971 1621 Maji.

305 1688 310 1698 ¹
332 1688 418 1707 Wiecbork
429 1689 457 1704 iub
469 1688 554 1708 Wiecborg
565 1693 580 1703 w
591 1689 652 1708 wojew.
664 1689 803 1709 gnieinier'nskiem.

304 1714 310 1726 ²
332 1714 399 1733 Vin-mm,
410 1719 428 1730 ze
439 1715 522 1731 zwtokami
534 1715 610 1735 kralowej
623 1715 698 1737 Barbary.
761 1715 768 1726 ⁸
783 1715 885 1734 Petricoviae,
896 1715 906 1730 ὃ
917 1715 958 1731 Junii
972 1715 1016 1732 155¹.
