1465 2093
555 209 694 224 zmamnnwu
707 209 767 227 mm,
782 209 855 223 EDOEI-
1134 210 1173 230 427

264 268 298 281 „lm
314 262 354 286 ejus
368 262 494 280 adolescentis
514 261 576 280 fratris
596 268 661 280 casum
681 262 736 280 venia
756 262 816 286 magis
833 266 852 280 et
868 262 980 285 clementia,
1000 268 1058 286 quam
1078 268 1141 286 poena
1156 266 1174 280 et

264 293 408 312 imadversione
423 293 502 318 dignum
517 293 617 312 existimet.
632 293 719 316 Moveor,
734 297 755 311 ut
769 293 817 315 dixi,
834 293 858 311 ad
873 293 976 317 petendum
991 297 1010 311 et
1024 299 1043 311 re
1058 293 1110 317 ipsa,
1125 299 1174 318 quae

264 324 321 343 -tuiro
336 324 408 347 evenit,
428 328 446 342 et
459 324 520 348 gratia
534 324 596 343 fratris
616 324 742 343 adolescentis
756 324 824 349 hujus,
846 324 899 348 cujus
913 324 1001 343 doctrina
1020 328 1077 349 atque
1092 324 1174 343 eruditio

265 362 286 374 rn
308 356 363 374 bonis
386 355 477 374 omnibus
496 360 514 374 et
534 356 615 374 maxime
638 356 747 380 quibusque
770 355 900 380 Principibus,
923 359 964 374 tum
987 355 1006 374 S.
1027 355 1084 374 etiam
1106 355 1173 374 fortas-

264 387 302 405 zv.
317 387 372 405 Mtati
392 387 496 411 aliquando
517 387 558 405 usui
579 393 619 406 csse
638 387 733 411 potuerit,
753 387 785 405 ubi
806 386 861 405 nobis
881 386 944 405 {talita
962 386 1081 405 institutione
1104 392 1173 411 perpo-

266 424 286 437 us
305 418 387 437 redierit.
410 418 462 437 Bene
481 418 543 437 valere
563 418 582 437 S.
596 418 676 437 Mtatem
691 418 713 437 V.
733 422 786 442 opto.
810 418 879 436 Datum
900 417 1015 442 Cracofiae,
1036 418 1059 436 111
1075 417 1173 437 Februarii

266 449 329 468 DLlll.

273 527 311 547 799.
585 528 698 547 Mathiae
715 528 838 549 Lobocki,

443 560 530 578 curiae
547 559 670 583 Magistro
686 559 801 583 Reginae
817 559 975 583 Hunqariae.

839 611 955 634 Cracoviae,
971 612 984 629 ⁶¹
997 611 1103 630 Februarii
1116 612 1174 630 1553.

306 653 359 675 Quid
374 653 467 677 proximis
482 653 549 671 diebus
569 653 624 671 isthic
638 652 728 671 acciderit
745 652 823 677 pellioni
839 652 974 671 Serenissimne
995 652 1091 677 Reginalis
1106 653 1176 676 Mutis,

264 684 296 703 »vit
311 684 378 709 procul
392 684 452 703 dubio
467 684 513 702 Mtia
528 684 557 707 V.,
572 684 623 703 videt
637 688 701 702 autem
716 684 780 706 simul,
795 684 842 702 nihil
856 684 964 707 voluntate,
979 684 1026 702 nihil
1040 685 1064 703 de
1078 684 1176 708 industria,

264 716 307 734 :mia
323 721 366 734 casu
382 719 400 734 et
414 715 494 734 fortuito
509 719 549 734 acta
564 721 613 738 esse,
634 721 682 740 quae
697 721 725 734 res
740 721 801 740 quum
815 715 870 734 venia
890 715 951 740 magis
970 721 1029 740 quarn
1046 720 1108 740 poena
1123 720 1141 734 et
1155 722 1177 734 ex

264 747 315 771 gibus
330 751 348 765 et
363 750 429 765 natura
443 752 477 765 sua
492 747 560 771 dignae
575 746 646 771 ubique
661 746 773 769 habeantur,
788 746 855 765 Mziam
867 747 890 765 V.
906 753 960 771 rogo,
978 752 1001 765 ne
1016 747 1063 771 quid
1077 747 1107 765 hic
1121 753 1176 765 casus

267 784 320 802 oque
335 778 380 796 huic
394 778 483 802 pellioni,
503 778 631 801 adolescenti,
646 782 666 796 ut
680 777 774 802 intelligo,
788 778 897 801 moderato,
912 778 974 796 fraudi
990 784 1029 796 esse
1043 778 1141 801 videatur;
1156 778 1175 796 id

264 809 301 828 ntia
316 813 373 833 atque
388 809 490 827 autoritate
504 815 538 827 sua
553 809 632 832 efficiat,
646 813 688 828 tum
704 809 730 827 rei
750 809 810 833 ipsius
830 813 870 828 tum
886 815 928 827 mea
942 809 999 828 etiam
1014 815 1076 833 causa,
1091 809 1124 834 qui
1139 809 1176 828 fra-

264 847 290 859 tm
304 840 363 865 hujus
377 840 464 864 pellionis
484 846 506 859 ex
526 846 560 858 sua
579 840 647 859 virtute
662 844 680 858 et
694 840 812 863 eruditione,
832 846 869 864 qua
885 846 924 858 non
939 840 1012 865 vulgari
1030 844 1058 859 est
1071 840 1175 864 praeditus,

264 871 323 890 irifice
342 871 408 896 diligo.
429 872 449 890 Id
464 872 532 890 iterum
547 878 557 889 a
572 871 618 890 Mtia
633 871 655 889 V.
669 875 727 896 atque
741 871 809 890 iterum
824 875 868 896 peto
882 875 900 890 et
915 877 996 896 quaeso,
1016 877 1065 896 quae
1081 872 1129 890 bene
1143 877 1174 890 va-

265 907 284 922 it.
300 903 372 922 Datum
388 903 498 927 Cracoviae,
514 903 538 921 Vl
553 902 651 921 Februarii
666 902 755 921 MDLllI.

269 990 313 1010 800.
549 991 667 1010 Palatino
678 991 852 1011 Posnaniensi
863 991 873 1010 ¹.

832 1043 947 1066 Cracoviae,
962 1044 987 1061 14
999 1043 1105 1062 Februarii
1119 1043 1176 1062 1553.

306 1085 351 1104 Non
365 1084 429 1104 audivi
443 1085 539 1109 principio
554 1091 596 1103 eam
611 1085 714 1110 querelam,
730 1091 779 1110 quae
793 1085 831 1104 huc
845 1085 869 1103 de
884 1085 931 1103 Mria
944 1085 966 1103 V.
980 1085 1036 1103 allata
1050 1088 1084 1108 est,
1098 1084 1177 1103 vanissi-

266 1122 295 1134 am
310 1116 362 1134 enim
377 1122 418 1135 esse
430 1116 475 1134 duxi
489 1116 625 1135 abhorrentem
637 1120 656 1135 et
667 1122 677 1134 a
690 1116 751 1141 Regni
766 1116 820 1134 istius
835 1116 909 1140 legibus
921 1120 978 1140 atque
993 1115 1080 1135 moribus
1092 1119 1110 1134 et
1121 1121 1131 1134 a
1143 1121 1176 1134 na—

269 1154 287 1166 ra
300 1152 358 1172 atque
379 1147 478 1166 voluntate
498 1147 556 1166 Mtiae
571 1148 603 1170 V.;
625 1147 658 1166 sed
678 1153 738 1172 quum
759 1153 814 1165 aures
836 1147 874 1171 jam
894 1153 943 1171 pene
965 1147 1053 1165 omnium
1073 1151 1130 1171 atque
1144 1153 1177 1165 ora

265 1179 368 1203 lplevisset‚
382 1178 492 1197 faciendum
505 1179 553 1197 mihi
568 1179 639 1203 putavi,
654 1183 674 1197 ut
686 1185 727 1197 earn
742 1178 800 1197 Miiae
814 1178 836 1197 V.
851 1178 996 1203 perscriberem,
1011 1184 1046 1203 pro
1061 1178 1119 1197 veteri
1133 1184 1177 1197 meo

264 1216 290 1234 ·ga
302 1210 354 1229 illam
369 1210 433 1229 studio
448 1214 505 1234 atque
520 1210 659 1228 benevolentia.
678 1210 737 1228 Fama
751 1213 788 1232 est.
809 1209 831 1228 V.
846 1209 913 1228 Mtiam
927 1215 999 1234 pagum
1017 1209 1124 1234 quendam,
1144 1209 1178 1234 qui

264 1242 334 1265 pitak’l
354 1242 429 1265 dicitur,
451 1241 535 1265 josepho
554 1241 675 1260 Pruskowski
696 1241 800 1264 ademisse,
820 1241 873 1259 nullo
888 1241 928 1266 jure
943 1247 982 1259 non
1003 1241 1091 1259 convicto
1111 1241 1177 1264 modo,

264 1272 281 1290 τά
294 1279 317 1291 ne
331 1273 447 1297 compellato
462 1273 549 1297 quidem,
569 1279 619 1297 quae
634 1278 663 1291 res
677 1273 713 1291 hoc
728 1276 783 1291 sonat
801 1272 898 1295 acerbius,
918 1278 958 1297 quo
976 1278 1037 1297 pagus
1056 1272 1097 1296 ipse
1114 1272 1178 1291 Eccle-

264 1309 286 1322 ει
298 1304 321 1322 sit
335 1307 353 1322 et
366 1304 449 1322 libertati
464 1303 532 1322 insitus
546 1303 689 1322 ecclesiasticae.
707 1303 803 1328 Equidem
821 1303 875 1328 quod
889 1309 920 1322 me
933 1303 1010 1326 attinet,
1030 1309 1053 1322 ne
1068 1309 1119 1322 nunc
1136 1303 1178 1328 qui-

264 1339 292 1353 em
304 1335 350 1353 haec
364 1335 410 1353 mihi
425 1335 449 1353 de
464 1335 510 1353 Mtia
525 1335 546 1353 V.
562 1335 675 1359 persuadeo,
695 1335 789 1353 Senatore
803 1334 892 1352 omnium
911 1334 1016 1358 justissimo
1030 1338 1048 1352 et
1062 1334 1178 1353 christianis-

264 1371 301 1385 mo.
321 1366 359 1385 Sed
373 1370 438 1385 tamen
453 1366 544 1391 quoniam
566 1366 617 1384 viros
632 1366 695 1384 bonos
710 1372 749 1384 non
763 1366 835 1384 crimen
856 1366 916 1384 modo
931 1366 1004 1390 ipsum,
1018 1365 1052 1384 sed
1067 1365 1123 1384 etiam
1143 1365 1178 1384 cri-

264 1397 303 1416 [inis
323 1397 453 1422 suspicionem
472 1397 531 1416 vitare
545 1401 628 1422 oportet,
649 1397 716 1415 Mtiam
730 1397 753 1416 V.
768 1401 812 1421 peto
827 1401 845 1415 et
858 1403 940 1421 quaeso,
961 1401 981 1416 ut
995 1397 1010 1415 si
1025 1397 1072 1421 quid
1092 1397 1140 1416 forte
1154 1397 1178 1415 ab

264 1428 304 1448 ¹sius
317 1429 393 1447 famulis
407 1435 475 1448 causae
489 1429 555 1448 datum
570 1433 604 1451 est,
619 1433 640 1447 ut
653 1429 672 1447 hi
688 1429 717 1447 isti
732 1432 771 1447 tam
786 1428 849 1447 acerbi
864 1432 883 1446 et
896 1429 970 1453 indigni
989 1434 1077 1447 rumores
1091 1429 1115 1447 de
1131 1428 1178 1446 Mtia

266 1473 272 1477 -
284 1464 405 1485 spargantur,
424 1460 444 1479 id
458 1466 516 1479 omne
530 1460 593 1485 primo
613 1466 692 1485 quoque
711 1464 798 1484 tempore
819 1460 859 1478 tolli
874 1460 948 1484 jubeat,
968 1466 1012 1478 cum
1030 1465 1178 1484 possessoreque

264 1496 275 1509 a
287 1495 397 1516 componat,
417 1495 438 1510 ut
453 1497 477 1510 ne
491 1491 538 1516 quid
552 1491 576 1510 de
591 1497 629 1516 quo
644 1491 664 1509 in
679 1491 715 1510 hoc
735 1497 804 1516 genere
824 1491 907 1516 amplius
925 1491 979 1515 queri
999 1491 1059 1515 possit
1078 1497 1178 1515 superesse

264 1523 338 1542 dentur.
353 1523 421 1542 Mtiam
432 1523 456 1542 V.
470 1529 510 1548 quo
525 1523 598 1548 majore
612 1522 718 1547 praeditam
733 1529 773 1541 esse
788 1522 889 1547 prudentia
904 1522 997 1547 intelligo,
1011 1522 1047 1541 hoc
1062 1522 1125 1541 minus
1137 1522 1178 1546 ipse

264 1554 308 1573 erbis
327 1554 393 1573 multis
412 1558 462 1573 utor.
485 1554 535 1573 Bene
549 1554 601 1572 illam
616 1558 690 1572 tantum
704 1554 766 1573 valere
786 1558 840 1578 opto.
862 1553 934 1572 Datum
948 1553 1061 1577 Cracoviae,
1076 1553 1127 1571 Xllll
1142 1553 1177 1572 Fe-

265 1586 324 1604 ruant.

283 1675 287 1686 ¹
307 1675 381 1691 Jmussio
392 1675 465 1690 Lntnlski.

282 1701 288 1712 ²
309 1700 342 1716 Sic!
