1465 2093
516 210 656 224 DISTOLABUM
669 210 732 227 ntum,
744 210 808 224 unm.
1092 210 1125 228 39¹

195 262 220 280 ad
235 268 266 280 me
282 262 339 280 hodie
353 268 414 286 genus
429 262 531 286 quoddam·
541 263 638 281 literarum
653 269 676 281 ex
690 262 807 281 cancellaria
822 262 844 280 V.
866 262 923 280 Mtiae
937 262 960 280 ad
975 261 1061 280 Conradi
1081 260 1129 280 Cru-

195 293 233 317 pek
249 293 365 316 instantiam,
380 299 451 312 novum
465 294 511 312 illud
523 297 542 312 et
553 294 573 312 in
585 293 621 312 hoc
634 294 702 318 Regno
715 300 777 318 neque
788 294 849 312 visum
864 299 926 318 neque
937 293 1024 311 auditum
1037 298 1129 317 unquam,

195 323 215 342 in
231 330 271 348 quo
291 330 330 343 non
346 331 376 343 me
390 325 438 343 illud
458 325 507 343 male
521 325 589 348 habet,
609 325 661 350 quod
676 325 695 343 in
710 325 739 350 jus
759 331 823 348 vocor,
843 325 896 349 quod
910 331 920 343 a
935 324 1025 343 Conrado
1046 324 1129 348 Crupek,

195 355 250 380 quod
272 356 418 380 procurantibus
435 356 468 379 iis,
488 356 521 381 qui
541 360 677 380 procurarunt,
696 357 729 375 sed
749 357 801 381 quod
816 363 845 374 res
861 360 929 380 agatur
948 355 1027 374 nomine
1041 359 1060 373 et
1073 355 1128 373 titulo

195 386 318 405 Serenissimi
339 387 432 412 Principis
448 387 496 412 mei,
516 388 535 406 in
550 394 608 412 quem
627 388 727 412 singularis
746 394 787 406 mea
806 387 852 406 fides
866 391 885 406 et
898 387 1018 406 observantia
1038 387 1129 404 hactenus

194 424 272 442 semper
286 418 346 437 extitit
360 418 443 441 illustris,
458 423 476 437 et
488 419 539 443 quod
551 419 575 437 ad
587 425 629 437 earn
644 425 683 437 rem
698 419 754 438 istam
768 419 879 443 interposita
891 419 915 437 sit
926 418 1018 437 autoritas
1030 418 1052 436 V.
1064 417 1129 440 Mtiae,

195 449 226 467 cui
241 455 278 473 ego
292 449 314 468 V.
330 449 387 468 Mtiae
401 450 457 468 talem
473 454 491 468 et
506 454 576 468 tantam
592 450 746 469 benevolentiam
761 450 885 474 officiumque
899 449 987 472 exhibui,
1005 453 1026 467 ut
1040 449 1072 473 qui
1087 449 1129 473 plus

194 486 284 505 unquam
304 480 423 499 Cencellario
443 481 558 504 exhibuerit,
578 481 655 505 reperiri
673 482 704 499 vix
722 482 791 506 possit,
811 485 829 499 et
843 482 866 499 de
886 487 923 505 qua
943 480 989 499 mihi
1010 480 1035 498 ita
1054 486 1130 504 semper

194 512 342 536 persuadebam,
363 516 384 531 ut
398 518 439 531 eam
453 512 501 531 scire
520 513 657 536 existimarem,
673 519 721 538 quae
736 519 765 532 res
779 513 827 536 sint,
847 519 894 537 quas
909 512 969 537 Regio
984 512 1039 536 signo
1059 511 1129 536 signari

194 543 225 562 vel
239 547 329 567 oporteat
342 543 372 562 vel
386 543 455 562 minus.
470 543 528 562 Dolet
542 544 588 562 mihi
603 544 666 568 itaque
681 550 702 562 ea
714 550 743 562 res
758 544 885 566 vehementer,
901 544 937 562 hoc
950 543 1052 568 praecipue
1067 542 1129 561 nomi-

194 580 229 597 ney
245 580 283 598 qua
298 580 316 593 re
330 581 376 593 sane
390 579 500 599 permotus,
514 581 565 593 nunc
580 575 658 599 quidem
673 576 697 593 ad
713 575 797 594 Comitia
811 579 855 599 post
870 575 921 593 diem
936 575 1012 593 tertium
1026 578 1059 592 aut
1073 579 1129 598 quar-

193 610 237 624 tum
261 612 304 624 cum
326 606 428 631 lachrymis
448 606 571 630 proficiscen
591 610 656 631 postea
678 610 742 625 autem
762 607 809 631 quid
828 606 964 631 subsequatur,
986 606 1037 624 Deus
1056 604 1130 623 viderit.

193 636 218 655 V.
233 637 301 655 Mtiam
317 637 365 656 bene
380 637 441 656 valere
455 641 507 662 opto.
522 637 593 656 Datum
608 638 719 661 Cracoviae,
734 638 768 656 XX
782 638 872 657 Januarii.

221 714 267 734 740.
373 716 576 740 Archiepiscopo
595 717 757 736 Gnesnensi‘
781 719 805 736 et
818 717 954 740 Episcopis

260 746 466 766 Vladislaviensi
476 747 488 769 ²,
502 748 674 767 Posnaniensi
685 748 696 770 ³,
710 749 827 767 Plocensi
837 748 849 770 ⁴,
863 748 1057 767 Praemisliensi
1067 748 1078 767 ⁵.

794 795 910 818 Cracoviae,
925 796 952 813 20
965 794 1059 813 Ianuarii
1073 795 1130 812 1552.

260 829 424 855 Quandoquidem
444 831 499 849 certis
519 834 576 855 atque
591 831 665 856 magnis
680 832 737 850 rebus
756 831 859 856 impeditus
873 831 938 850 adesse
952 831 993 856 ipse
1007 831 1061 849 isthic
1071 831 1079 843 ὓ
1093 834 1130 848 tam

193 861 234 879 cito
249 867 290 879 non
304 867 390 886 possum,
405 862 461 880 mitto
475 868 518 880 cum
534 862 556 880 iis
571 862 629 881 literis
643 863 667 881 ad
682 863 723 881 RR.
738 863 818 881 Dtiones
829 863 870 881 VV.
882 869 939 887 opem
951 863 974 881 ab
987 862 1008 881 iis
1021 861 1130 880 consilium-

193 898 234 916 que
254 892 397 917 imploraturus.
417 893 519 911 Emanavit
539 899 561 911 ex
578 894 600 912 R.
621 894 685 912 Mtatis
705 894 822 913 Cancellaria
841 894 920 918 epistola
940 894 1034 918 quaedam
1045 894 1057 916 ⁷,
1078 893 1131 917 cujus

193 923 306 948 exemplum
327 924 382 943 mitto
397 924 437 943 VV.
452 924 556 943 Dtionibus
571 925 619 948 RR„
637 929 658 944 ut
672 925 695 944 de
710 931 729 944 re
743 929 783 944 tota
797 925 865 944 melius
879 925 973 950 judicent,
987 930 1037 949 quae
1051 924 1131 949 epistola

192 955 219 973 ad
234 961 266 973 me
280 955 341 973 delata
362 961 421 980 quum
442 960 498 978 esset,
519 960 613 974 remorata
628 960 656 975 est
670 956 809 980 prosectionem
830 962 901 979 meam,
921 962 978 980 quam
999 956 1029 974 die
1048 955 1131 974 crastino

193 986 328 1009 institueram3
342 987 395 1005 nolui
411 987 462 1005 enim
477 993 507 1005 me
522 987 566 1006 hinc
581 994 664 1010 movere,
679 988 791 1012 priusquam
806 988 824 1006 in
840 988 876 1006 hoc
890 993 959 1012 genere
973 987 1052 1005 consiliu
1064 992 1130 1005 eorum

193 1017 328 1042 exquirerem,
348 1018 380 1042 qui
395 1018 425 1036 hic
440 1018 558 1037 consulendo
573 1019 641 1037 valent.
662 1019 700 1037 Res
717 1025 765 1037 nova
781 1023 818 1042 est,
839 1023 859 1037 ut
874 1018 950 1041 videtis,
970 1018 1075 1042 eademque
1092 1024 1131 1036 non

193 1049 270 1073 privata
285 1055 336 1071 mea,
348 1049 380 1068 sed
395 1049 483 1068 omnium
498 1050 607 1068 communis
622 1054 718 1073 nostrum,
731 1057 771 1075 quo
785 1050 845 1074 magis
860 1050 985 1068 adnitendum
1000 1054 1028 1068 est
1039 1049 1079 1067 VV.
1090 1049 1130 1067 RR.

193 1080 308 1103 Dtionibus,
324 1086 347 1099 ne
362 1080 381 1098 in
397 1087 436 1099 rem
452 1084 536 1099 nostram
551 1081 656 1105 publicam,
669 1088 678 1099 a
691 1081 756 1100 multis
770 1082 808 1106 jam
822 1082 890 1100 seculis
904 1081 1027 1100 constitutam
1042 1085 1060 1099 ct
1074 1080 1131 1098 stubi-

194 1111 260 1134 litam,
283 1112 328 1130 novi
343 1112 416 1136 aliquid
434 1112 499 1130 induci
519 1112 623 1136 patiamur,
646 1113 699 1137 quod
719 1113 806 1135 dignitati
821 1116 839 1131 et
853 1112 949 1131 autoritati
970 1116 1045 1130 nostrae
1066 1112 1132 1130 existat

193 1143 305 1162 adversum.
329 1143 369 1161 Nisi
383 1149 418 1162 nos
433 1143 485 1162 enim
500 1143 616 1168 colligimus,
631 1144 716 1162 futurum
731 1148 767 1167 est,
787 1148 808 1162 ut
823 1144 875 1169 quod
896 1144 942 1162 mihi
962 1149 1013 1162 nunc
1033 1143 1131 1161 molestiae

194 1174 304 1197 exhibetur,
318 1174 337 1193 id
346 1174 386 1193 VV.
402 1174 492 1199 deinceps
505 1175 545 1193 ΒΚ.
561 1175 670 1198 Dtionibus,
684 1175 713 1193 vel
728 1175 844 1200 quibusdam
858 1175 887 1193 vel
902 1175 999 1198 omnibus,
1014 1174 1131 1192 exhibeatur.

194 1205 246 1223 lllud
267 1209 331 1224 autem
351 1206 408 1224 velim
428 1206 549 1224 considerent
569 1206 673 1231 imprimis.
693 1206 803 1225 decueritne
824 1206 861 1225 hoc
880 1212 941 1231 genus
960 1206 1056 1224 literarum
1072 1211 1093 1223 ex
1109 1204 1130 1223 R.

193 1236 263 1255 Mtatis
278 1236 395 1255 cancellaria
410 1236 507 1255 emittere?
522 1237 546 1256 Et
560 1238 635 1256 valeant
649 1238 681 1256 diu
696 1237 766 1256 felices.
781 1238 822 1262 Ego
834 1244 864 1256 me
876 1237 919 1256 hinc
932 1241 975 1262 post
988 1236 1039 1255 diem
1054 1236 1130 1254 tertium

193 1272 228 1286 aut
243 1273 334 1292 quartum
348 1269 372 1286 ad
386 1274 417 1287 eas
431 1268 528 1293 recipiam.
544 1269 614 1287 Datum
630 1268 739 1292 Cracoviae,
754 1268 788 1286 XX
803 1268 886 1287 januarii
901 1268 980 1286 MDLII.

222 1345 269 1365 741.
428 1347 571 1370 Benediem,
585 1347 713 1371 Episcopo
728 1348 905 1367 Posnaniensi.

800 1394 914 1417 Cracouiae,
928 1396 954 1413 22
967 1394 1061 1413 lanuarii
1075 1395 1131 1412 1552.

260 1430 301 1449 Etsi
315 1431 339 1449 de
353 1430 375 1449 iis
390 1431 455 1453 rebus,
473 1437 521 1455 quas
535 1437 648 1449 communes
662 1430 725 1449 ordini
740 1434 806 1449 nostro
821 1437 860 1449 esse
875 1430 949 1455 putavi,
963 1430 1029 1455 scripsi
1044 1436 1131 1449 commu-

188 1463 246 1481 niter
260 1461 285 1480 ad
300 1468 344 1485 eos,
362 1468 411 1486 quos
426 1462 511 1486 ejusdem
526 1462 600 1480 ordinis
617 1462 677 1480 nostri
695 1468 735 1480 esse
749 1462 797 1480 vidi:
816 1466 879 1480 tamen
894 1462 947 1486 quod
961 1462 998 1480 huc
1013 1461 1132 1484 afferebatur,

186 1494 213 1513 V.
229 1493 255 1511 R.
271 1493 361 1511 Dtionem
377 1493 396 1511 in
410 1493 519 1512 valetudine
533 1493 644 1518 impeditam
660 1494 778 1512 Petricoviae
792 1494 857 1512 adesse
870 1500 909 1512 non
923 1499 985 1517 posse,
1000 1493 1061 1512 scribo
1081 1493 1131 1511 idem

184 1530 278 1551 quoque
292 1524 316 1542 ad
330 1524 352 1542 V.
368 1524 390 1542 R.
406 1524 503 1543 Dtionem⁴
519 1524 571 1547 Quid
586 1525 610 1543 sit
624 1525 656 1546 rei,
672 1529 692 1543 ut
707 1525 807 1549 intelligat,
823 1525 878 1543 mitto
894 1525 919 1543 illi
934 1525 1043 1549 exemplum
1058 1524 1131 1543 citatio-

184 1557 220 1576 nis
238 1555 357 1580 cujusdam⁷
375 1556 463 1574 insolitae
477 1562 545 1579 novae,
561 1560 579 1574 et
593 1556 611 1574 in
627 1556 663 1575 hoc
679 1556 747 1580 Regno
762 1560 829 1574 nostro
843 1562 882 1574 non
897 1556 972 1574 auditae
987 1562 1080 1580 unquam,
1095 1562 1132 1580 qua

180 1588 226 1608 sibi
252 1586 356 1605 Conradus
377 1586 465 1611 Crupek,
485 1593 543 1612 quem
563 1593 599 1612 ego
620 1587 719 1605 hominem
740 1587 855 1606 haereticum
876 1587 1012 1612 pronunciavi,
1033 1587 1098 1605 omnia
1113 1587 1132 1605 in

224 1683 230 1693 ¹
258 1681 278 1696 N.
291 1681 412 1701 Dzierzgowski.
476 1680 482 1691 ²
496 1681 509 1696 J.
518 1680 635 1700 ,Drohujewskh
700 1681 706 1691 ³
720 1681 737 1695 Β.
749 1681 840 1696 lzdbieriski.
904 1682 911 1692 ⁴
926 1682 944 1697 A.
956 1681 1054 1696 Noskowski.

223 1709 232 1720 Ι
258 1708 273 1724 J.
286 1707 376 1722 Dziaduski.
439 1707 446 1718 θ
462 1707 562 1723 Petricoviae.
626 1707 632 1717 ⁷
647 1707 671 1723 Cf.
680 1707 715 1728 739,
723 1712 738 1722 w
746 1707 813 1728 sprawie
821 1707 894 1723 Konrada
905 1707 970 1728 Krupki.
