1465 2093
270 207 307 225 286
642 213 660 226 A.
675 212 837 227 mmmmm.

270 264 401 288 insequantur.
416 264 531 283 Persuasum
546 269 585 284 erat
598 265 683 290 Principi
701 269 768 283 nostro
783 265 909 283 Serenissimo
923 271 934 283 a
948 264 1074 289 quibusdam,
1084 268 1104 283 ut
1116 264 1146 283 hoc
1155 270 1176 282 re-

270 295 325 319 ctigal
340 295 408 314 Sacrae
422 295 583 320 confirmationis,
603 297 656 321 quod
671 303 721 315 nunc
735 297 797 315 isthuc
812 303 822 315 a
837 297 892 315 nobis
908 296 1000 319 mittitur,
1019 296 1072 321 apud
1086 295 1118 314 SS.
1130 295 1176 314 Duum

271 327 362 345 Nostrum
377 327 402 345 ita
416 333 467 345 nunc
487 327 585 352 impetret,
605 332 626 347 ut
640 328 729 352 deinceps
750 328 807 346 etiam
821 328 841 346 in
855 334 913 347 omne
926 332 1004 352 tempus
1021 330 1119 352 posterum
1134 327 1176 351 impe·

270 362 339 376 tratum
354 364 394 376 esse
408 359 501 377 videatur.
516 359 557 384 Ego
572 360 604 384 qui
619 360 714 378 Ecclesiae
728 364 747 378 et
761 359 816 378 Sedis
833 359 887 378 istius
904 359 1028 384 Apostolicae
1046 358 1148 383 dignitatem
1157 363 1176 377 tu-

271 390 340 408 endam
355 390 401 408 mihi
419 395 513 414 perpetuo
534 391 636 415 proposui,
655 391 699 409 dedi
713 397 792 415 oper-‘im
812 391 925 415 nullumque
941 396 981 409 non
1000 390 1053 408 movi
1072 389 1177 414 lapidamus

271 421 316 439 haec
331 421 366 439 ista
381 421 460 439 minime
474 422 558 446 jucunda
572 422 686 446 significatio
701 423 777 441 daretur
786 422 830 441 Sedi
840 421 970 446 Apostolicae,
982 427 1031 439 neve
1043 426 1101 445 quum
1115 426 1149 438 mea
1158 420 1176 438 di-

271 452 333 476 gnitas
347 453 432 475 creverit,
448 453 528 472 Sanctae
545 453 599 472 istius
614 453 668 472 Sedis
682 454 771 478 Majestas
785 457 803 472 et
817 453 926 478 amplitudo
941 452 1047 471 decrevisse
1061 451 1098 470 ulla
1111 457 1131 469 ex
1141 455 1176 475 parte

271 484 371 506 videretur,
386 484 499 509 obtinuique
515 484 533 502 id
548 489 610 503 toturn
626 485 667 503 Deo
681 485 747 509 gratia,
762 485 814 510 quod
829 484 886 503 volui.
901 483 961 509 Cujus
976 483 1020 502 facti
1035 483 1073 501 mei
1087 481 1175 501 conscientia

271 515 363 539 quoniam
378 522 408 534 nic
426 516 507 534 delectat
526 516 637 540 plurimum,
652 516 777 534 intermittere
797 516 860 538 nolui,
879 515 926 540 quin
944 515 993 533 hanc
1010 514 1065 533 istam
1084 514 1175 538 voluptatem

271 552 315 564 cum
331 546 352 565 V.
368 546 390 565 R.
405 547 459 565 Pmte
474 547 622 571 communicem,
637 547 666 566 cui
681 554 711 566 me
726 547 745 565 in
759 547 850 572 gratiam,
865 546 980 571 negotiaque
994 545 1061 564 omnia
1075 545 1127 564 etiam
1137 549 1174 569 atque

271 577 328 596 etiam
343 578 466 596 commendo.
481 578 506 596 Vl
520 578 604 597 Januarii
619 578 690 597 MDLI.

297 650 341 669 567.
545 652 715 675 Sigismundo
729 653 851 676 Augusto
865 651 934 675 Regi.

893 698 1000 721 Miechovi,
1016 699 1028 716 ΐ
1042 697 1129 716 Ianuarii
1139 697 1171 715 1507.

334 735 434 758 Existimo,
449 741 491 753 mea
506 736 603 759 interesse,
618 740 638 754 ut
653 737 676 755 de
688 737 710 755 iis
724 737 788 759 rebus,
803 742 850 761 quas
865 735 936 754 Orator
947 734 967 753 S.
982 734 1080 759 Reginalis
1094 732 1172 757 Hungarile

272 766 336 784 Mtatis
350 766 374 784 ad
389 766 411 784 V.
425 766 504 785 Mtatem
525 767 598 790 retulit,
618 768 733 786 sententiam
753 774 815 787 meam
835 767 907 790 dicam,
927 772 986 791 quan-i
1005 765 1087 784 omnino
1100 764 1119 783 V.
1134 762 1171 784 Muti,

273 803 333 821 quum
348 798 483 821 valedicerem,
503 805 600 823 exponere
620 800 692 818 oblitus
707 799 740 818 fui.
759 799 807 817 Mihi
822 799 848 817 sic
862 798 946 816 videtur:
966 803 1052 822 aequum
1067 802 1105 815 esse
1117 799 1171 814 etcum·

273 829 361 851 modum,
375 833 395 847 ut
409 835 450 848 sese
464 829 486 848 V.
501 830 550 848 Mtas
564 830 588 848 ad
602 831 720 849 voluntatem
735 831 755 849 S.
770 830 820 849 Suae
834 829 916 852 sororis,
931 828 975 847 Rmi
989 828 1028 846 Dni
1043 826 1126 853 Episcopi
1136 826 1171 844 Vm·

273 859 344 878 diensis
356 862 366 883 ¹,
381 860 478 885 Magnifici
492 861 595 880 Petrovicii
609 862 731 884 accomodet,
751 862 856 886 eademque
870 861 927 879 etiam
941 866 1001 884 opera
1015 859 1114 878 Sacrarum
1128 857 1171 876 Cim-

273 897 316 909 reae
330 896 348 909 et
363 891 433 916 Regiae
449 892 547 911 Romanae
561 893 643 912 Mtatum
653 894 661 906 ²
673 897 745 918 optata,
759 899 797 917 qua
811 892 894 911 maxime
906 895 975 916 potest,
989 891 1073 916 adjuvet,
1086 890 1119 908 hoc
1129 890 1172 911 31,ss

273 922 356 947 patiatur
368 923 389 941 V.
404 923 459 946 Mias,
474 923 515 942 fieri
530 924 549 942 id
563 925 587 943 ab
602 925 700 950 Hungaris
714 931 758 949 erga
773 924 792 943 S.
808 924 941 942 Romanorum
956 922 1037 947 Regem,
1052 921 1103 946 quod
1115 919 1172 944 cupium.

273 953 381 972 dummodo
403 954 429 972 ill.
450 955 534 979 nepoti2¹
554 955 576 974 V.
592 956 657 974 Mtatis
676 955 755 974 satisfiat
774 955 856 974 vicissim
871 961 881 973 a
896 954 915 973 S.
936 954 1025 972 Romana
1045 953 1110 976 Mtate,
1127 950 1148 969 vel
1159 949 1172 966 ἦ*

274 984 334 1010 ipsius
348 986 473 1010 patrimonio,
487 987 517 1005 vel
531 987 622 1011 quoniam
638 988 656 1005 id
671 987 751 1005 confieri
770 993 809 1005 non
825 990 897 1011 potest,
917 989 962 1004 sunt
976 985 1029 1003 enim
1047 984 1137 1009 pleraeque
1147 985 1172 1005 Ροδ-

274 1016 367 1035 sessiones
387 1022 496 1042 occupatae,
515 1018 538 1037 de
556 1018 667 1043 aequalibus
685 1019 751 1037 saltem
767 1017 930 1043 possessionibus,
950 1016 1005 1034 Mtsti
1026 1019 1089 1034 autem
1108 1016 1173 1039 praetera

275 1047 369 1072 chinali,
384 1049 445 1067 sorori
460 1049 483 1068 V.
495 1050 565 1072 Mtatis,
580 1050 651 1075 aliquid
666 1050 722 1069 etiam
743 1050 902 1074 antiphernorum
921 1048 1000 1066 nomine
1017 1047 1099 1065 accedat.
1112 1045 1136 1064 Sic
1146 1046 1174 1068 ρΙΙῐῡ

275 1079 316 1102 fiet,
331 1084 351 1098 ut
365 1086 427 1104 neque
445 1080 550 1105 imperator
564 1082 673 1100 Tui-carum
687 1081 803 1104 offendatur,
825 1085 844 1099 et
861 1080 880 1098 S.
900 1079 993 1098 Caesarea
1007 1084 1029 1097 ac
1046 1078 1104 1103 Regia
1116 1077 1175 1095 Romaiu

275 1110 344 1128 Mtates
358 1110 443 1129 officium
458 1118 478 1131 ac
494 1113 645 1131 benevolentiam
658 1113 680 1131 V.
695 1113 759 1131 Mtatis
773 1113 862 1137 probent.
877 1111 983 1134 Quomodo
998 1110 1050 1129 enirn
1065 1115 1102 1128 non
1115 1107 1175 1133 proberssa

276 1147 335 1166 quum
350 1142 459 1161 assensione
474 1143 508 1162 ista
524 1144 545 1162 V.
558 1144 622 1163 Mtatis
641 1150 704 1163 rerum
718 1150 738 1163 se
752 1144 772 1162 in
786 1142 919 1162 Transilvania
934 1142 1030 1167 potituros
1042 1145 1061 1160 et
1072 1139 1128 1165 Regni
1138 1140 1176 1162 pffll‘

276 1172 334 1191 totius
354 1173 463 1198 Hungririae
482 1181 577 1194 summam
598 1176 697 1194 habituros
718 1174 820 1194 videbunt?
841 1175 865 1193 Et
882 1174 947 1192 Turca
961 1173 976 1192 si
995 1173 1042 1197 quid
1057 1178 1080 1191 eo
1094 1170 1177 1200 offendam:

276 1203 295 1221 id
310 1210 355 1223 sanc
369 1211 409 1223 non
424 1205 446 1224 V.
461 1205 514 1224 Mtati
529 1211 628 1231 acceptum
643 1207 696 1230 feret,
711 1207 766 1231 cujus
780 1206 907 1231 permissione
922 1205 1013 1223 duntaxat
1028 1204 1074 1222 haec
1088 1202 1145 1221 omnia
1155 1203 1178 1224 βέῃ

277 1235 356 1258 videbit,
377 1242 415 1254 non
431 1237 528 1256 voluntate
544 1244 606 1263 neque
620 1238 693 1261 studio,
711 1238 744 1256 sed
758 1238 773 1256 si
789 1237 818 1256 cui
833 1241 933 1261 acceptum
948 1236 1004 1259 seret,
1024 1235 1095 1260 Regiae
1109 1234 1179 1263 Romfflf

277 1266 331 1284 Mtati
346 1266 392 1285 feret
406 1272 515 1292 acceptum,
535 1273 553 1287 et
567 1270 581 1287 si
596 1270 706 1288 vindicandi
724 1270 799 1288 animus
817 1269 861 1292 erit,
875 1268 895 1287 in
909 1268 951 1293 ipsa
965 1267 1001 1286 sibi
1015 1265 1143 1285 vindicandum
1158 1267 1180 1281 ω·

276 1297 366 1316 stimabit.
389 1298 448 1323 lgitur
468 1300 514 1318 dum
529 1300 543 1319 is
558 1301 649 1323 vindicat,
669 1301 715 1319 dum
734 1301 774 1319 Rex
794 1301 893 1319 Romanus
913 1304 931 1318 et
945 1305 964 1318 se
982 1298 1068 1317 defendit
1089 1301 1107 1316 et
1121 1292 1183 1314 arceslfl

277 1328 376 1352 Hungaria
391 1330 497 1354 deperditas
512 1337 616 1356 recuperat,
630 1333 702 1357 justum
716 1337 793 1356 ternpus
808 1331 962 1356 praeterlabetur,
976 1329 1053 1348 interim
1067 1334 1112 1347 vero
1122 1327 1143 1345 V.
1153 1325 1185 1344 Mm

278 1365 320 1378 cum
335 1364 374 1379 tota
388 1367 422 1379 sua
437 1362 509 1380 ditione
524 1367 580 1388 atque
599 1364 652 1382 terris
667 1364 730 1388 quiete
745 1364 826 1386 fruetur,
841 1367 859 1381 et
873 1362 892 1381 S.
906 1367 993 1381 sororem
1008 1361 1078 1383 Suam,
1093 1364 1147 1384 quam
1158 1362 1197 1382 ΡΝ.

277 1390 326 1409 fecto
338 1391 358 1410 in
369 1392 405 1411 isto
420 1399 483 1412 rerum
497 1394 607 1413 discrimine
619 1401 628 1413 a
641 1395 664 1413 V.
676 1396 735 1413 Mtate
749 1395 817 1418 deseri,
832 1400 866 1413 nec
881 1394 984 1412 honesturn
1000 1396 1049 1411 esset
1063 1397 1098 1410 nec
1112 1391 1191 1410 decorum.

278 1422 296 1440 in
311 1426 353 1441 tuto
368 1424 480 1448 collocabit,
501 1429 521 1443 ut
534 1426 572 1450 jam
587 1426 676 1451 deinceps
691 1432 740 1451 opus
755 1432 793 1444 non
808 1426 886 1448 habeat,
906 1425 962 1443 toties
976 1430 986 1442 a
1001 1424 1024 1442 V.
1040 1424 1099 1442 Mtate
1118 1421 1193 1441 auxilium

278 1455 380 1478 postulare.
403 1455 453 1474 Puto
468 1457 534 1481 igitur,
554 1458 607 1482 quod
622 1458 679 1476 laedit
694 1457 796 1479 neminem.
812 1457 891 1481 prodest
908 1456 983 1479 multis,
1005 1455 1123 1474 tutissimum
1137 1458 1173 1472 esse
1183 1455 1197 1470 et

277 1485 434 1505 honestissimum
449 1488 560 1511 consilium,
579 1489 637 1513 idque
655 1489 774 1513 sequendum
790 1494 830 1507 esse
846 1488 867 1506 V.
882 1487 937 1506 Mtati
952 1492 1027 1505 censeo.
1042 1486 1083 1504 Jam
1099 1484 1146 1503 illud
1163 1484 1197 1502 alte·

278 1522 320 1535 rum
335 1518 358 1535 de
374 1518 484 1543 recipiendo
498 1520 597 1544 Episcopo
611 1520 728 1539 Varadiense
743 1520 761 1538 in
777 1520 870 1538 ditionem
885 1519 907 1537 V.
922 1518 986 1537 Mtatis
1001 1517 1036 1536 etsi
1050 1523 1092 1535 non
1110 1522 1175 1540 magna
1186 1514 1196 1532 ii

279 1549 396 1568 consulendo
411 1550 532 1570 festinatione
547 1556 607 1576 egeat,
622 1552 709 1570 nondum
724 1551 774 1570 enim
789 1551 844 1575 plane
856 1551 880 1569 ad
895 1556 937 1568 eam
952 1555 992 1568 rem
1007 1552 1087 1567 ventum
1100 1552 1135 1571 est,
1147 1551 1197 1566 tame!

279 1578 387 1599 faciendum
403 1581 425 1600 V.
440 1582 493 1600 Mtati
509 1587 605 1607 putarem,
627 1589 670 1601 cum
685 1583 725 1601 aliis
741 1583 764 1601 de
778 1582 839 1601 causis
856 1585 897 1600 tum
912 1581 956 1606 quia
976 1580 1052 1599 homini
1067 1579 1156 1602 adflicto,
1172 1584 1197 1597 vet

279 1611 327 1629 satili
342 1611 367 1630 illi
382 1613 470 1637 quidem,
490 1614 522 1632 sed
538 1614 572 1633 hac
586 1614 624 1639 jam
638 1619 679 1633 tum
694 1618 753 1633 aetate
771 1614 796 1632 ita
810 1613 926 1636 constituto,
946 1616 967 1630 ut
982 1611 1029 1630 nihil
1049 1615 1138 1636 spectare
1156 1610 1197 1629 aliu-

280 1647 337 1666 quam
358 1645 440 1669 quietern
461 1646 529 1671 reliqui
546 1646 575 1665 sui
589 1646 682 1670 temporis
701 1645 797 1668 videatur,
817 1644 845 1669 jus
860 1644 938 1668 hospitii
958 1643 1023 1668 negari
1038 1643 1069 1668 pie
1084 1649 1126 1661 non
1145 1645 1197 1667 potes

314 1716 318 1726 ¹
341 1715 360 1730 Cr.
371 1715 466 1731 Martinuzzi.
530 1715 537 1726 ²
551 1714 603 1730 Caroli
615 1714 629 1729 V
640 1717 656 1729 et
667 1713 761 1729 ferdinandi
773 1714 785 1729 l.
847 1713 853 1724 ³
868 1713 923 1728 Jonnni
935 1712 1039 1733 Sigismundo
1050 1712 1129 1732 Zapoiyn.
