1465 2093
511 211 650 225 ammomum
665 211 728 230 amm,
743 211 794 225 amm
1086 207 1121 231 3⁵3

185 264 247 285 atque
261 261 321 280 altero
341 261 412 280 famulo
428 262 530 281 comitatus
551 263 605 281 obire
619 263 688 288 possit,
707 269 728 281 ea
743 267 771 282 est
785 263 836 282 enim
851 263 890 288 ejus
908 263 1009 288 legationis
1029 264 1087 287 ratio,
1102 267 1123 282 ut

186 297 265 316 praeter
278 297 367 318 sumptus
382 293 455 312 itineris
469 294 530 312 nullas
546 294 565 313 in
576 294 620 313 loco
633 294 714 313 Concilii
730 294 826 319 impensas
845 294 955 319 nullamque
967 294 1122 313 immorationem

186 323 250 342 facere
271 324 324 343 illurn
344 329 439 349 oporteat.
460 325 482 344 V.
497 325 520 343 R.
535 325 580 344 Dtio
595 326 627 344 diu
642 326 716 350 optime
735 326 801 344 valeat.
823 325 865 350 Ego
884 329 929 350 post
948 326 999 344 diem
1019 326 1122 350 septimum

186 354 303 373 Cracoviam
318 355 360 374 Deo
374 356 450 374 volente
465 356 582 381 proficiscor,
597 357 630 375 ubi
644 363 705 382 quum
720 363 751 375 me
766 357 806 375 Deo
821 361 840 375 et
854 356 932 375 Christo
946 363 1028 380 servum,
1047 357 1123 382 populis

186 385 290 405 Pastorem
308 387 406 410 obtulero,
427 387 484 406 etiam
502 388 524 406 V.
545 388 567 406 R.
588 388 636 406 Ptati
656 388 738 406 amicum
761 387 870 406 studiosum
894 387 999 411 exhibebo,
1019 388 1038 406 in
1053 388 1124 413 quibus

187 423 220 436 rne
235 423 312 442 cunque
327 419 383 437 rebus
398 418 455 437 volet.
475 418 546 437 Datum
561 418 578 437 V
592 419 681 443 Augusti.

215 489 261 510 672.
503 492 621 516 Capitulo
636 492 807 512 Craooviensi..

845 539 927 562 Kielcis,
943 541 956 558 6
969 540 1053 565 Augusti
1067 541 1122 559 1551.

253 574 277 592 Et
290 574 329 593 vidi
344 575 384 599 ipse
398 581 538 600 saepenumero
552 580 571 594 et
585 576 658 599 audivi,
679 581 718 600 quo
732 575 797 594 studio
816 582 894 600 semper
908 576 1021 595 Venerabile
1040 576 1077 595 hoc
1092 583 1122 596 ve-

187 608 251 623 strurn
271 605 379 630 Collegium
394 606 413 625 in
427 612 473 625 suos
492 606 599 632 Episcopos
619 613 720 626 accensum
740 607 831 631 ferretur,
852 608 908 632 plane
925 611 946 626 ut
963 608 987 626 ita
1002 614 1012 626 a
1026 608 1122 633 plerisque

188 640 312 660 statueretur,
326 637 375 656 sicut
388 641 465 662 gentem
481 638 576 656 Polonam
590 638 640 656 inter
653 638 699 656 alias
713 638 814 663 praecipua
828 639 847 657 in
863 639 936 664 Regem
953 645 1009 658 suum
1024 645 1064 658 esse
1079 639 1122 662 fide,

188 667 214 685 ita
229 667 373 687 Canonicorum
394 668 551 688 Cracoviensium
572 668 681 694 Collegium
701 669 792 694 singulari
807 670 825 688 in
843 676 899 689 suurn
919 670 1037 695 Episcopum
1057 676 1122 689 amore

188 703 207 717 et
221 699 349 718 observantia.
367 693 434 718 Petere
449 707 484 725 ego
498 700 607 725 Episcopus
621 707 631 718 a
646 700 686 719 Vv.
701 700 787 719 Ftatibus
805 701 852 719 meis
866 701 970 720 Canonicis
988 702 1087 725 constitui,
1102 705 1122 720 ut

189 736 220 748 me
235 730 283 749 meis
297 731 382 755 aedibus,
397 737 444 756 quas
458 732 507 750 inter
521 732 571 756 ipsas
586 731 683 756 possideo,
698 732 826 751 accessionem
840 732 917 751 aedium
932 732 970 751 Dni
985 733 1063 752 ‚loannis
1075 733 1122 752 Dre-

188 761 232 780 vicii
245 762 249 774 ¹
264 762 369 787 adjungere
389 763 494 787 patiantur,
511 762 608 787 perforato
628 763 765 781 tantummodo
780 769 819 782 uno
834 764 902 782 cubilis
917 764 954 782 mei
975 764 1052 789 pariete.
1075 764 1121 783 Eam

188 799 228 811 rem
244 793 293 812 ultra
312 794 402 819 pleraque
416 794 452 813 alia
467 794 514 813 haec
528 794 599 812 debent
614 794 653 812 VV.
668 794 754 813 Ftatibus
768 795 893 819 persuadere:
910 795 1005 819 primum,
1021 796 1073 820 quod
1089 796 1122 814 do-

188 830 253 847 mum,
274 830 331 849 quam
352 830 420 844 vocant
439 830 533 849 veterem,
554 829 650 844 recentem
670 826 740 844 calcem
761 825 856 844 halantem
876 830 919 845 tuto
933 826 996 845 adhuc
1016 826 1121 846 inhabitare

188 861 276 880 nequeo;
291 856 367 880 deinde,
387 858 439 881 quod
453 857 469 876 is
483 857 532 875 absit
544 857 582 876 hoc
597 861 690 881 tempore,
710 857 764 881 cujus
778 858 855 876 aedium
869 858 998 876 accessionem
1013 862 1068 882 peto;
1088 864 1122 883 po-

187 891 272 910 stremo,
292 888 344 912 quod
358 888 396 907 sint
409 889 504 913 quaedam
519 889 585 911 nobis,
606 888 629 906 de
643 888 713 913 quibus
728 894 763 907 nos
777 889 800 907 ad
815 888 856 907 VV.
871 888 935 907 Ftates
949 895 971 907 ex
985 889 1074 913 proximo
1094 895 1121 907 re-

188 918 237 937 ferre
253 923 272 937 et
286 920 408 938 commodius
422 924 440 938 et
454 919 622 943 honorificentius,
643 924 661 938 et
675 925 720 938 vero
734 920 820 944 adprime
840 920 966 938 necessarium
987 926 1028 939 esse
1048 920 1123 939 videtur

188 949 208 968 in
222 950 258 969 hac
274 954 292 969 et
306 951 399 975 Principis
409 951 417 963 Ἰ
430 951 516 969 absentia
531 955 549 969 et
563 951 699 969 nonnullarum
715 957 778 969 rerum
792 951 943 975 perturbatione.
958 951 1040 976 Reliqua
1054 951 1073 970 in
1086 951 1122 970 hoc

187 987 258 1005 genere
273 982 321 1001 dicet
336 982 376 1001 VV.
388 982 476 1001 Ftatibus
490 988 534 1001 meo
550 983 628 1001 nomine
643 982 698 1001 Dnus
712 982 835 1001 Slomowski.
847 982 888 1001 VV.
900 982 963 1001 Ftates
978 983 1027 1001 bene
1041 982 1121 1001 valcant.

187 1012 259 1036 Clecis,
275 1013 299 1031 Vl
314 1014 404 1038 Augusti.

214 1085 259 1105 673.
367 1087 440 1106 Petro
454 1087 618 1108 Miskowski.
632 1087 763 1106 canonico
777 1087 948 1106 cracoviensi.

844 1133 925 1156 Kielcis,
941 1134 954 1152 Ιὶ
967 1134 1052 1159 Augusti
1066 1135 1120 1153 1551.

253 1169 290 1188 luis
304 1170 367 1188 adhuc
381 1170 512 1195 temporibus,
526 1170 597 1194 quibus
611 1170 701 1189 excitatae
716 1170 765 1189 inter
781 1176 816 1188 nos
830 1176 865 1194 per
879 1170 995 1189 malevolum
1010 1170 1121 1195 quempiam

187 1201 295 1219 simultates
309 1201 372 1225 vigere
386 1201 509 1224 videbantur,
529 1202 583 1226 cujus
598 1201 623 1220 rei
639 1205 679 1220 tum
694 1201 773 1220 facessat
787 1201 806 1220 in
821 1205 920 1225 posterum
938 1201 1002 1220 omnis
1022 1202 1122 1225 memoria,

188 1232 266 1256 quoties
285 1232 410 1256 profectionis
424 1233 448 1250 ad
462 1238 496 1251 vos
511 1238 565 1251 meae
579 1232 599 1250 in
615 1236 699 1251 mentem
719 1233 816 1255 veniebat,
836 1233 883 1251 nihil
897 1233 917 1251 in
932 1233 995 1251 media
1015 1233 1072 1252 etiam
1092 1233 1122 1251 illa

188 1263 248 1282 animi
263 1264 406 1288 perturbatione
420 1268 460 1282 tam
474 1264 544 1288 cupivi,
560 1270 617 1288 quarn
633 1263 655 1282 V.
670 1264 744 1283 Ftatem
758 1264 863 1289 designari,
881 1270 929 1289 quae
944 1270 975 1282 me
988 1264 1122 1283 advenientem

187 1294 277 1313 oratione
290 1295 394 1319 exciperet,
414 1301 474 1319 usque
488 1295 547 1316 adeo.
561 1299 582 1313 ut
596 1295 709 1319 magnitudo
730 1295 783 1314 istius
798 1295 835 1313 mei
850 1295 937 1313 desiderii
958 1301 1036 1314 omnem
1054 1301 1122 1314 conce—

187 1330 242 1350 ptam
262 1326 384 1344 acerbitatem
404 1327 471 1345 animo
491 1326 591 1345 excludere
610 1326 717 1349 videntum
740 1326 800 1351 pluris
820 1326 870 1344 enim
886 1326 932 1345 mihi
953 1326 1061 1345 faciendum
1081 1332 1121 1345 cue

186 1357 282 1382 putabam
297 1358 355 1376 totius
368 1357 442 1376 ordinis
457 1357 517 1376 nostri
532 1361 675 1379 ornamentum,
690 1357 742 1382 quod
757 1363 779 1375 ex
793 1357 889 1381 ejusmodi
904 1357 938 1376 viri
953 1357 1041 1376 oratione
1058 1361 1122 1382 posset

186 1388 302 1411 elucescere,
316 1395 374 1413 quam
389 1389 505 1413 privatarum
520 1389 632 1412 injuriarum
653 1394 739 1407 mearum
754 1388 913 1407 recordationem.
934 1388 1001 1407 Postea
1016 1394 1076 1414 quum
1091 1388 1121 1407 vel

185 1426 209 1438 ex
224 1420 286 1444 ipsius
303 1420 326 1438 V.
345 1420 404 1439 Ftatis
423 1420 517 1445 epistola,
537 1420 565 1438 vel
580 1426 602 1438 ex
616 1426 705 1438 sermone
720 1419 757 1438 mei
772 1419 847 1438 Patricii
858 1420 865 1431 ³
884 1424 902 1438 et
917 1419 995 1444 injurias
1009 1419 1059 1444 ipsas
1074 1419 1121 1438 falso

184 1450 281 1470 confictas
295 1451 352 1469 tuisse
366 1451 498 1476 intelligerem,
512 1456 530 1470 et
543 1451 565 1469 V.
577 1451 651 1469 Ftatem
666 1457 701 1476 pro
715 1457 759 1470 meo
770 1451 865 1469 desiderio
879 1451 988 1470 salutationi
1002 1451 1121 1476 designatam

183 1489 227 1502 esse
243 1482 337 1505 audirem,
351 1483 427 1507 gavisus
438 1488 481 1501 sum
496 1482 601 1507 impendio.
617 1482 686 1501 Videre
701 1482 752 1501 enirn
768 1483 805 1505 jam
818 1482 896 1501 videbar
910 1482 960 1501 illam
974 1482 996 1500 V.
1008 1482 1067 1501 Ftatix
1079 1488 1122 1500 ora-

181 1515 261 1533 tionem
278 1520 318 1532 non
332 1514 394 1532 solum
414 1514 490 1532 doctam
506 1518 524 1532 et
539 1513 644 1537 eruditam,
664 1514 697 1532 sed
712 1513 768 1532 etiam
787 1513 834 1532 mibi
854 1517 927 1538 gratam
948 1517 1005 1538 atque
1018 1513 1067 1532 adeo
1086 1513 1122 1532 toti

180 1550 256 1565 nostro
271 1545 335 1564 ordini
349 1545 482 1564 honorificam.
502 1545 557 1567 Quae
571 1551 601 1564 res
615 1551 646 1563 me
661 1550 783 1570 nequaquam
798 1544 873 1567 fefellit.
887 1545 924 1569 legi
939 1545 989 1564 enim
1005 1544 1121 1569 exemplum,

178 1577 241 1603 quod
256 1582 316 1601 quam
330 1583 361 1595 me
375 1576 462 1599 delectet,
475 1576 558 1595 scribere
573 1576 619 1595 nihil
634 1576 707 1599 attinet,
721 1576 753 1601 qui
766 1582 790 1595 ne
801 1576 847 1595 haec
862 1576 948 1601 quidem,
963 1582 1012 1601 quae
1026 1576 1063 1601 jam
1075 1576 1121 1595 scri-

178 1613 215 1635 pta
232 1612 290 1631 sunt,
309 1608 350 1626 aliis
369 1612 445 1632 praeter
460 1607 482 1626 V.
497 1608 571 1626 Ftatem
591 1608 661 1632 scripta
681 1613 721 1626 ene
736 1607 799 1626 velim.
823 1607 901 1626 Utinam
922 1611 998 1632 tempus
1017 1607 1121 1632 aliquando
1143 1621 1148 1625 ,

217 1678 223 1688 1
250 1676 325 1691 Canonici
337 1675 454 1691 &uox-iem}
467 1677 506 1691 Acta
518 1679 548 1691 nez.
559 1676 628 1696 Capituli
640 1676 682 1692 Kal.
694 1675 735 1691 cath.
746 1676 790 1691 Grae,
806 1676 886 1696 nazywajq
897 1680 918 1695 qu
930 1675 1015 1694 „naiman
1030 1675 1123 1696 Dru-uicini,

213 1703 222 1714 ²
248 1702 346 1722 Sigismundi
358 1702 431 1722 Augusti.
494 1702 501 1713 ἲ
516 1703 588 1717 Art-§reu
600 1702 670 1718 Sidam.

248 1737 503 1754 nummu—1.
1002 1733 1027 1752 45
