1465 2093
503 219 643 234 mmmmm
654 219 717 239 mm,
731 219 796 233 imm.
1073 219 1086 238 4
1091 220 1097 232 ι
1104 220 1109 232 ι

178 273 262 293 >ruinis
275 279 297 291 ac
317 272 435 291 ornamentis
454 272 573 297 dignissimo.
596 272 645 290 Nota
665 272 699 290 viri
719 271 778 290 virtus
798 275 826 290 est
845 275 863 290 et
881 272 963 291 eruditio
986 278 1025 291 non
1046 272 1115 291 nostris

178 308 253 325 tntum
268 304 381 322 hominibus
395 303 485 328 (amplior
499 307 527 322 est
541 303 599 325 enim,
619 309 676 328 quam
692 307 713 321 ut
727 303 749 321 iis
763 303 855 328 angustiis
875 303 936 328 possit
955 302 1065 329 contineri),
1079 303 1113 322 sed

178 335 246 354 eteris
266 335 323 353 etiam
338 339 357 354 et
371 341 381 353 a
395 335 451 354 nobis
471 334 558 357 remotis,
579 340 628 359 quae
647 334 707 359 ipsius
727 335 781 353 dotes
800 334 815 353 si
835 334 887 353 solae
901 334 956 353 nobis
975 339 1112 359 spectarentur,

178 371 236 385 ..tva
258 366 365 385 admodum
384 370 417 385 aut
437 370 511 389 nostra,
531 370 564 384 aut
583 366 677 390 cujusque
697 365 864 384 commendatione
879 371 908 384 res
923 366 982 390 ipsius
1004 366 1056 391 apud
1071 366 1112 385 VV.

178 400 241 416 tetes
256 401 343 422 egerent;
360 401 426 416 amant
440 397 491 416 enirn
506 397 558 422 ipsae
573 402 652 422 quoque
666 403 700 415 sua
713 401 782 421 sponte
800 397 890 415 virtutem
907 397 979 421 ipsam,
993 397 1017 415 ad
1031 403 1112 422 eamque

178 429 331 453 amplectendam
346 432 387 447 toto
402 429 475 453 impetu
491 428 583 447 feruntur.
605 428 644 447 Sed
659 434 682 447 ne
697 428 743 453 quid
761 427 826 446 officio
845 432 912 447 nostro
927 428 991 447 deesse
1006 428 1111 452 videamur,

178 460 284 483 ominem,
299 466 346 483 rem,
360 466 471 485 personam,
486 459 596 484 negotium,
611 465 668 484 quam
684 465 786 484 possumus
801 459 883 478 maxime
898 460 938 478 VV.
953 460 1040 478 Ftatibus
1060 466 1112 478 corn-

178 491 300 514 uendamus,
323 491 347 509 ab
362 491 427 516 eisque
447 491 541 516 petimus,
564 494 584 509 ut
599 491 653 515 cujus
674 497 710 509 nos
725 490 751 509 rei
766 491 824 509 duces
843 490 924 514 fuimus,
947 491 988 515 ejus
1002 497 1037 509 vos
1056 491 1112 510 etiam

178 526 253 541 utores
268 526 287 541 et
300 522 403 547 scriptores
422 522 479 541 fuisse
494 522 603 540 videamini.
623 521 709 546 Accipite
727 521 778 540 hunc
798 522 897 541 hominem
912 522 931 541 in
946 522 1054 547 Collegium
1070 522 1110 541 VV.

178 551 260 577 statum,
275 554 308 578 qui
323 553 358 572 nisi
370 560 390 572 se
402 553 459 572 nobis
473 553 599 572 comodum
614 553 691 572 offerret
705 553 752 578 ipse,
766 553 820 572 omni
832 553 889 571 nobis
901 553 974 572 ratione
988 553 1111 578 quaerendus

178 589 226 606 suet
239 589 257 604 et
272 585 421 610 investigandus.
437 584 488 603 Bene
503 585 578 603 valeant
591 584 655 603 Ftates
669 584 709 603 VV.
725 584 796 603 Datum
811 584 828 602 X
842 585 931 609 Augusti,
946 584 1034 603 Gedauo.

203 661 247 682 777.
333 663 430 682 Jacoho
445 663 618 682 Ptonkowski
630 663 639 685 ¹,
654 663 785 682 canonico
800 663 972 683 Cmsvioensi.

821 709 903 732 Geduni,
917 710 941 728 13
954 710 1039 735 Augusti
1053 710 1109 728 1552.

239 746 333 765 Dedimus
351 746 409 764 altare
423 746 516 765 Ploncovi
534 746 569 765 tibi
584 752 623 765 non
637 746 678 765 sine
691 746 790 765 uberrimo
803 746 897 771 vectigali,
912 752 970 771 quam
981 747 1005 765 ad
1017 753 1057 765 rem
1069 752 1109 765 non

178 780 214 796 :nm
228 783 264 796 nos
279 777 357 796 deduxit
375 777 521 796 necessitudinis
535 778 632 796 vinculum
650 777 769 803 (quanquam
785 781 803 796 et
817 777 861 796 huic
880 778 965 797 fortassis
979 778 1060 802 aliquod
1077 778 1109 796 tri-

178 809 243 828 butum
258 808 301 834 est).
316 814 374 833 quam
389 809 438 827 ratio
452 809 561 827 studiorum
577 813 661 827 tuorum.
676 809 697 827 ln
712 815 761 833 quae
776 815 815 834 quo
829 813 849 827 tu
864 809 975 834 diligentius
993 809 1109 833 incubueris,

178 846 211 859 :oc
225 840 380 859 benevolentiam
400 840 527 865 officiumque
546 846 590 865 erga
605 844 623 859 te
638 844 726 859 nostrum
746 840 806 864 magis
821 841 946 865 provocabis,
960 844 982 859 ut
996 844 1060 859 autem
1081 840 1109 859 di-

178 871 263 897 igentius
276 871 336 896 possis
348 871 466 895 incumbere,
481 871 527 890 haec
539 871 574 890 tibi
586 878 596 890 a
608 871 665 890 nobis
676 871 852 895 subministrantur,
867 877 915 896 quae
928 872 946 890 in
959 872 999 890 dies
1009 872 1021 890 ².
1035 871 1108 894 Quam-

178 903 242 922 ‚brem
257 909 282 921 ne
296 903 415 925 committas,
435 907 456 921 ut
470 902 516 921 haec
530 903 554 921 ad
569 902 644 927 quidvis
663 902 715 921 aliud
733 903 797 927 potius
815 908 873 927 quam
887 903 912 921 ad
925 903 987 921 studia
1006 903 1109 927 literasque

178 939 215 953 uns
235 934 357 959 suppeditata
371 933 406 952 tibi
420 939 455 958 per
469 939 504 952 nos
516 939 556 952 esse
570 933 679 957 videantur;
694 933 766 958 alioqui
780 933 831 952 enim
846 939 885 958 quo
901 933 1037 959 propensiores
1057 939 1109 952 nunc

178 971 241 984 tumus
260 965 285 984 ad
299 969 317 983 te
335 965 449 990 juvandum,
463 965 500 983 hoc
514 965 615 983 alieniores
634 969 702 989 postea
721 970 816 988 essemus,
835 964 850 983 si
864 968 883 983 te
899 964 1025 983 beneficentia
1045 969 1109 983 nostra

178 997 226 1016 :buti
247 996 404 1021 intelligeremus.
427 996 465 1015 Sed
480 996 503 1014 de
518 996 547 1015 his
567 996 617 1015 satis.
640 996 715 1019 Audio,
735 996 828 1021 quosdam
843 1002 863 1014 se
877 996 933 1015 isthic
950 996 969 1014 in
984 996 1025 1021 ejus
1044 996 1108 1014 altaris

178 1028 316 1053 possessionem
332 1027 437 1052 ingessisse.
452 1028 495 1046 Hoc
510 1033 621 1052 quanquam
637 1027 684 1046 nihil
697 1027 729 1051 sit,
747 1031 810 1046 tamen
825 1027 926 1046 scribimus
940 1027 1040 1051 Vladario,
1053 1031 1072 1046 te
1086 1031 1107 1046 ut

180 1065 193 1078 n
206 1059 349 1084 possessionem
364 1058 427 1077 mittat
441 1059 497 1082 hujus
511 1059 576 1081 villae,
591 1064 640 1083 quae
655 1063 682 1077 est
696 1058 774 1083 propria
789 1059 852 1077 altaris
866 1059 913 1083 ejus,
933 1058 969 1077 Ibis
984 1058 1042 1083 igitur
1061 1064 1105 1077 cum

178 1096 204 1114 so,
218 1090 249 1109 vel
262 1089 278 1108 si
292 1090 333 1114 ipse
347 1096 386 1108 non
402 1090 492 1114 potuerit,
507 1090 542 1108 ibis
557 1090 597 1108 sine
611 1096 641 1112 eo,
655 1090 737 1114 acceptis
757 1094 820 1109 tecum
834 1090 890 1109 sociis
910 1096 986 1108 mensae
1000 1094 1019 1109 et
1032 1090 1105 1108 studio-

178 1127 215 1140 ·um
230 1126 316 1143 tuorum,
331 1127 379 1146 quos
393 1121 444 1140 dices
459 1121 515 1140 nobis
529 1121 565 1140 hoc
580 1121 659 1139 nomine
673 1127 712 1140 rem
727 1125 800 1146 gratnm
815 1121 903 1140 facturos.
913 1121 973 1139 Pelles
988 1125 1052 1139 autem
1069 1121 1104 1139 bo-

178 1159 244 1172 :orum
264 1158 331 1171 eorum
352 1152 481 1177 possessione,
502 1158 638 1177 quemcunque
653 1152 755 1177 repereris,
773 1157 792 1171 et
811 1152 880 1171 deinde
896 1152 955 1177 pulsis
969 1152 1059 1171 omnibus
1073 1158 1105 1171 sex

178 1188 247 1209 zeptem
261 1183 302 1202 dies
315 1183 370 1202 isthic
384 1184 432 1207 eris,
446 1184 627 1208 possessionemque
641 1184 731 1202 tueberis.
745 1184 797 1202 Bene
813 1184 859 1202 vale.
874 1183 946 1203 Daturn
960 1183 1002 1202 XIII
1017 1183 1106 1208 Augusti,

178 1215 261 1234 ledono.

199 1293 244 1313 778.
385 1294 409 1313 N
410 1294 501 1316 icolao,
520 1294 724 1317 Archiepiseopo
738 1294 890 1313 Gnesnensi.

816 1341 898 1364 Gedani,
913 1341 937 1359 13
950 1341 1034 1366 Augusti
1048 1341 1105 1359 1552.

235 1377 292 1396 Mitto
311 1377 374 1396 isthuc
388 1377 407 1395 in
426 1377 503 1401 nepotis
523 1376 700 1401 Succamerariique
718 1382 806 1395 meorum
821 1377 913 1401 negotiis,
933 1383 982 1401 quae
996 1376 1045 1395 fiunt
1059 1377 1105 1401 ipsis

182 1409 196 1427 b
211 1408 260 1427 Italo
280 1409 303 1427 de
320 1408 410 1427 Klecensi
425 1412 442 1427 et
457 1408 564 1427 Visliciensi
579 1407 729 1426 Canonicatibus
748 1408 768 1426 in
787 1408 858 1433 judicio
878 1408 900 1427 R.
916 1408 991 1427 Dtionis
1006 1408 1028 1426 V.
1051 1408 1105 1426 Sicut

182 1443 237 1459 utem
252 1439 318 1465 rogavi
327 1443 390 1462 antea,
405 1443 426 1458 ut
439 1445 459 1458 se
471 1439 494 1458 R.
508 1439 553 1458 Dtio
565 1439 588 1457 V.
602 1439 638 1464 juri
653 1439 718 1463 potius
732 1445 813 1458 suorum
827 1439 947 1458 Polonorum
962 1439 1031 1462 favere,
1046 1445 1105 1464 quam

181 1475 282 1490 xterorum
302 1470 405 1489 hominum
425 1470 525 1495 cupiditati
545 1470 626 1495 obsequi
645 1470 747 1495 significet,
768 1471 793 1489 ita
810 1477 861 1489 nunc
882 1477 952 1495 quaeso
972 1471 1028 1489 etiam
1048 1474 1104 1495 atque

179 1503 235 1526 tiam,
251 1502 273 1521 iis
287 1508 307 1521 se
322 1506 343 1521 ut
357 1502 421 1526 potius
435 1502 549 1521 clementem
564 1501 660 1525 exhibeat,
676 1501 709 1526 qui
723 1501 782 1526 ipsius
798 1502 885 1526 perpetui
899 1502 948 1520 servi
963 1508 1003 1520 esse
1018 1505 1106 1526 possunt,

178 1540 229 1559 *unm
245 1534 273 1557 ei,
293 1533 326 1558 qui
341 1537 420 1558 accepto
441 1533 535 1552 beneflcio
549 1539 573 1551 ne
587 1533 651 1551 videre
670 1533 748 1557 quidem
768 1533 850 1557 amplius
868 1532 919 1551 volet
933 1533 956 1551 R.
970 1533 1061 1551 Dtionem
1081 1533 1104 1552 V.

178 1566 209 1585 los
224 1565 264 1584 huc
274 1564 282 1577 ³
296 1570 330 1583 cur
344 1564 458 1588 venerimus,
472 1564 560 1583 nondum
574 1564 636 1588 video,
651 1564 684 1583 sed
700 1564 786 1583 venimus
800 1568 871 1588 tamen,
885 1564 907 1582 V.
920 1564 943 1582 R.
957 1564 1049 1583 Dtionem
1064 1570 1104 1583 non

199 1660 205 1672 Ι
230 1659 267 1675 Sic!
280 1657 408 1679 Ptomykowski?
419 1658 536 1679 poiniejszemu
548 1658 648 1674 lnnonikowi
660 1658 792 1677 krakowskiemu.
804 1658 913 1674 urodzonemu
925 1658 985 1678 podlug
997 1657 1104 1679 Pnprockiego

221 1683 238 1701 ἰ
252 1685 323 1705 Barbnry
335 1684 477 1705 Zebrzydowskiej,
489 1685 546 1705 siostry
558 1689 625 1704 naszego
638 1684 710 1705 biskupa.

193 1714 203 1726 ²
227 1711 265 1728 Sic!
332 1711 339 1722 ¹
354 1711 444 1726 Gedenum.
