1465 2093
1084 122 1118 132 *-

647 557 816 587 ANDREAE
835 557 988 587 PATRlcn

502 616 759 654 ANDREAE
790 616 1139 654 ZEBRZIDOVII

569 681 785 699 CRACOVIENSIS
798 682 931 699 EPISCOPI
943 682 1070 701 NOMINE.

528 731 794 758 Epistolarum
815 731 934 753 Liber
954 733 1112 758 prmus

378 855 422 874 618.
626 856 796 880 Siqismundo
811 841 932 879 Augusto
946 855 1015 879 Regi.

948 895 1086 924 Vlad'islaviae,
1102 902 1127 920 10
1140 902 1212 926 Aprilis
1224 900 1260 919 15⁵1.

415 939 441 958 lta
456 943 484 958 est
498 939 580 964 quodvis
601 938 716 958 beneficium
731 939 753 957 V.
769 939 788 957 S.
803 939 867 957 Mtatis
882 939 967 963 amplum
983 942 1001 956 et
1015 938 1128 962 copiosum,
1146 941 1167 956 ut
1180 943 1230 962 saepe
1239 941 1262 961 pm

353 971 385 989 illo
400 976 476 989 necesse
491 971 515 989 sit
528 976 584 995 agere
598 970 674 995 gratias,
688 970 713 988 ita
728 976 773 989 vero
788 970 905 995 jucundum.
919 973 939 988 ut
954 969 972 987 id
988 969 1049 988 facere
1063 969 1186 988 vehementer
1199 969 1263 987 delectet

352 1001 486 1024 Quamobrem
507 1001 541 1019 etsi
563 1001 601 1025 jam
616 1001 635 1019 id
649 1005 693 1019 ante
708 1005 726 1019 et
744 1007 832 1019 sermone
848 998 870 1019 'et
887 1001 946 1019 literis
965 1007 1021 1025 saepe
1041 1000 1128 1024 fecerim,
1151 1001 1202 1025 juvat
1218 1004 1264 1018 tamen

352 1033 457 1052 etiamnum
478 1039 513 1057 pro
529 1032 565 1051 hoc
579 1032 701 1051 Cracoviensi
721 1032 839 1057 Episcopatu
857 1032 879 1050 V.
899 1032 953 1050 Mtati
972 1038 1029 1056 agere
1046 1032 1124 1057 gratias,
1147 1032 1183 1050 hoc
1202 1030 1264 1053 maxime

351 1067 449 1089 tempore,
466 1070 526 1088 quum
541 1064 579 1087 jam
594 1064 636 1082 Deo
650 1064 734 1088 propitio
749 1063 768 1081 in
783 1063 843 1088 ipsius
863 1063 1005 1088 possessionem
1021 1070 1040 1082 re
1055 1063 1096 1088 ipsa
1110 1063 1201 1081 venerim.
1219 1062 1265 1081 Perh-

351 1098 392 1113 tum
407 1099 470 1114 autern
485 1101 525 1113 esse
540 1095 564 1113 ad
579 1095 601 1113 V.
617 1095 635 1113 S.
651 1095 730 1113 Mtatem
744 1095 836 1117 arbitror,
851 1101 900 1119 quae
914 1095 1060 1119 protestationes
1075 1101 1098 1113 eo
1114 1099 1200 1119 tempore
1213 1100 1222 1112 a
1234 1093 1265 1111 Duo

351 1126 489 1145 Czarnkowski
502 1127 507 1139 ¹
521 1126 587 1149 factae,
602 1130 621 1145 et
635 1132 684 1151 quae
698 1126 752 1151 quasi
766 1126 829 1145 litium
844 1126 917 1145 semina
932 1132 997 1151 sparsa
1011 1126 1091 1149 fuerint,
1112 1126 1164 1144 unde
1178 1125 1266 1144 existimare

352 1158 415 1182 potuit
429 1158 451 1176 V.
466 1158 525 1181 Mtas,
545 1164 584 1176 non
604 1157 674 1176 frustra
688 1164 718 1176 me
733 1158 780 1176 olim
795 1164 816 1176 ea
831 1158 854 1176 de
869 1164 888 1176 re
902 1158 926 1176 ad
941 1158 1001 1182 ipsam
1019 1157 1134 1182 scriptitasse
1145 1157 1158 1176 ².
1181 1157 1220 1182 Ego
1236 1156 1266 1174 Deo

351 1189 411 1213 gratia
430 1189 478 1207 nihil
492 1195 566 1211 vereor,
587 1194 611 1207 ne
625 1188 662 1207 hoc
677 1188 741 1207 Mtatis
756 1189 778 1207 V.
793 1188 908 1207 beneficium
927 1189 1021 1207 sustinere
1038 1195 1059 1207 ac
1078 1188 1126 1207 tueri
1147 1195 1186 1207 non
1205 1187 1267 1213 possim⁷

350 1220 375 1238 ita
390 1220 560 1244 protestationibus
575 1220 615 1238 istis
629 1219 724 1238 levissime
738 1220 851 1238 conturbor.
870 1220 908 1238 Sed
923 1224 987 1238 tamen
1002 1220 1046 1245 quia
1061 1220 1153 1238 omnibus
1167 1220 1221 1238 rebus
1232 1217 1267 1237 anti-

351 1251 408 1276 quior
421 1252 473 1276 apud
488 1257 518 1270 me
532 1255 561 1270 est
575 1251 597 1270 V.
612 1251 631 1269 S.
646 1251 710 1269 Mtatis
725 1251 816 1275 dignitas,
834 1257 882 1275 quae
897 1251 1067 1276 protestationibus
1082 1251 1195 1276 hujusmodi
1214 1249 1267 1269 nonni-

351 1282 378 1301 hil
392 1282 513 1305 convellitur,
528 1283 596 1301 deinde
611 1282 712 1301 christiana
728 1282 816 1301 omnium
831 1282 880 1301 inter
894 1289 962 1301 omnes
977 1289 1013 1307 pax
1027 1287 1084 1307 atque
1099 1282 1212 1304 concordia,
1225 1286 1268 1306 quam

351 1314 402 1332 inter
416 1320 446 1332 rne
459 1318 477 1332 et
487 1314 552 1332 Dnum
564 1313 701 1332 Czarnkuwski
714 1313 760 1332 haec
772 1314 806 1332 ista
821 1314 884 1332 litium
899 1314 971 1332 semina
985 1314 1075 1332 videmur
1089 1313 1178 1332 inficere:
1192 1319 1235 1338 rogo
1244 1312 1268 1330 ite·

351 1351 394 1364 rum
408 1349 466 1370 atque
481 1345 550 1363 iterum
565 1345 587 1363 V.
603 1345 621 1363 S.
639 1345 729 1367 Mtatem,
750 1348 770 1363 ut
785 1344 803 1362 in
818 1344 854 1363 hoc
872 1351 942 1369 genere
956 1349 974 1363 et
988 1345 1101 1370 dignitatern
1125 1345 1184 1363 Suam
1204 1344 1270 1369 Regiam

350 1376 375 1395 ita
389 1380 465 1395 tueatur
479 1380 497 1395 et
511 1376 560 1395 inter
575 1382 609 1395 nos
624 1376 791 1401 tranquillitatem,
813 1382 870 1400 quarn
885 1376 904 1394 in
919 1382 954 1394 suo
975 1376 1043 1401 Regno
1060 1376 1149 1400 dissipari
1171 1376 1246 1394 moleste
1257 1380 1271 1392 se

350 1407 399 1426 ferre
413 1407 484 1430 scribit,
499 1407 525 1425 ita
539 1407 649 1430 constituat,
664 1411 684 1425 ut
699 1406 860 1431 protestationum
876 1407 954 1425 istarum
969 1407 987 1425 vi
999 1413 1008 1425 e
1021 1407 1085 1425 medin
1099 1407 1182 1430 sublata,
1198 1407 1242 1425 nihil
1250 1406 1273 1427 sit,

350 1439 404 1463 quod
418 1438 447 1457 vel
462 1438 518 1457 nobis
532 1438 588 1463 hujus
603 1438 728 1461 dirimendae,
743 1438 771 1456 vel
786 1438 863 1462 reliquis
883 1438 995 1456 hominibus
1010 1438 1060 1456 illius
1073 1438 1218 1457 labefactandae
1230 1443 1274 1457 occa-

350 1470 424 1489 sionem
439 1470 531 1494 praebere
545 1473 608 1494 queat.
623 1470 643 1487 ld
658 1469 683 1488 ita
697 1469 730 1487 fiet
744 1469 909 1493 commodissime,
923 1470 938 1488 si
954 1470 976 1488 V.
991 1469 1010 1488 S.
1025 1470 1073 1488 Mtas
1089 1470 1133 1488 Dno
1148 1468 1276 1489 Czarnkowski

350 1505 407 1520 autor
426 1501 483 1520 suerit
503 1501 629 1519 renunciandi
643 1501 683 1526 ejus
697 1501 752 1525 juris,
772 1501 824 1525 quod
843 1505 958 1525 protestatus
978 1505 1011 1519 est.
1037 1501 1102 1523 Quam
1120 1507 1162 1519 rem
1176 1505 1198 1520 ut
1212 1507 1278 1526 rogem,

350 1538 390 1551 non
405 1536 443 1551 tam
458 1538 489 1551 me
503 1532 550 1551 illud
569 1536 642 1555 movet,
663 1538 773 1557 quanquam
790 1532 810 1550 id
827 1532 916 1557 equidem
936 1532 993 1551 etiam
1011 1536 1075 1551 movet
1094 1532 1213 1557 plurimum,
1233 1533 1279 1558 quod

349 1563 412 1587 video,
426 1563 462 1582 hoc
477 1564 513 1582 isto
528 1570 592 1582 rerum
607 1568 656 1582 statu
671 1570 710 1582 non
722 1570 753 1582 me
765 1570 820 1588 posse
834 1570 883 1586 eam,
898 1570 956 1588 quam
970 1563 1044 1586 vellem,
1059 1563 1079 1582 in
1095 1563 1133 1582 Dni
1146 1563 1281 1583 Czarnkowski

350 1595 503 1614 benevolentiam
517 1601 591 1620 gerere,
612 1601 668 1620 quam
684 1599 748 1614 movet
762 1595 817 1618 illud,
834 1595 887 1620 quod
901 1595 997 1620 intelligo,
1015 1595 1053 1613 hoc
1068 1595 1139 1613 nuncio
1160 1599 1220 1620 atque
1237 1595 1282 1614 fama

385 1674 390 1685 ¹
411 1674 479 1689 Δηὼ-ει.
542 1674 548 1684 ²
564 1673 587 1689 ef.
599 1673 635 1694 579.
