1465 2093
580 209 720 223 erma-omma
734 209 798 227 mm,
811 209 868 222 unm.
1158 208 1191 226 301

256 262 365 280 verendum
380 262 412 285 sit,
431 268 454 280 ne
469 267 499 280 me
514 261 567 280 domi
582 261 601 280 in
615 261 676 286 patria
691 267 747 286 cogar
761 261 869 284 continere,
887 261 934 279 dum
949 264 1023 282 metuo,
1044 266 1067 278 ne
1082 260 1193 284 religionem

256 293 371 311 defendenti
390 293 437 311 mihi
457 296 577 311 commeatus
592 299 630 311 non
645 296 740 317 suppetat.
760 293 780 310 ld
794 292 835 311 VV.
850 292 916 310 Ftibus
937 298 993 310 curae
1008 296 1026 310 et
1040 291 1080 310 fore
1094 297 1160 316 spero,
1175 295 1194 310 et

256 330 296 343 esse
312 328 367 349 opto.
382 324 435 343 Bene
450 324 530 342 valeant.
545 324 655 346 Volboriae,
670 324 713 342 XlX
728 323 826 342 Februarii
841 323 909 342 MDLI.

282 396 330 416 589.
679 397 777 416 Eidem.

858 438 969 460 Volboriae,
984 438 1009 456 23
1023 438 1128 456 Februarii*
1140 438 1194 455 1551.

322 475 391 496 Quum
405 474 524 497 statuissem,
539 474 588 493 sicut
602 475 669 497 debui,
687 478 790 499 antequam
805 474 852 492 mihi
867 474 971 498 diplomate
987 474 1076 492 Romano
1090 473 1194 498 Episcopa-

259 509 289 524 tus
303 506 359 524 istius
380 505 476 530 possessio
496 505 612 530 assignetur,
633 506 694 524 nullas
708 512 737 524 res
752 512 801 530 pene
820 505 914 530 gerendas
928 505 983 523 isthic
997 505 1103 529 suscipere,
1124 505 1194 523 factum

261 541 293 559 est,
308 541 329 555 ut
344 543 375 555 eas
390 543 420 556 res
434 537 491 555 exiam
507 537 674 561 praetermiserim,
688 543 735 562 quas
749 543 793 556 cum
808 537 848 555 VV.
863 537 949 555 Ftatibus
963 537 988 554 ob
1001 536 1049 555 hanc
1064 542 1122 555 unam
1138 536 1194 554 ratio-

263 574 314 591 nem,
328 568 382 593 quod
397 568 415 587 in
431 568 498 587 eadem
514 568 557 587 navi
571 568 640 590 simus.
660 572 740 587 tractare
754 569 794 593 jure
809 568 870 593 potui.
889 568 945 586 Nunc
964 567 1091 592 superstitiosi
1111 567 1195 586 fortassis

265 599 310 618 illius
324 599 406 618 instituti
422 599 459 618 mei
477 599 561 618 rationes
575 599 701 622 commutavi,
715 599 796 622 veritus,
814 605 838 618 ne
852 599 898 618 dum
913 605 950 623 ego
964 603 1054 617 constans
1072 598 1153 617 nimium
1168 599 1195 617 vi-

268 630 301 649 deri
315 631 369 654 volo,
384 631 434 649 ordo
449 634 513 649 noster
527 630 607 649 vacillet.
628 630 685 649 Missa
700 634 728 648 est
742 630 797 649 nobis
812 630 857 653 huc,
875 630 939 648 nescio
953 630 1016 654 cujus,
1032 629 1100 648 Oratio
1113 630 1124 653 ¹,
1145 629 1195 654 typis

269 661 425 686 cbalcogrephicis
440 662 574 686 Vitembergae
584 662 591 674 Ἰ
611 667 687 684 excusa,
702 667 740 686 qua
754 661 854 680 Romanus
873 661 961 679 Pontifex
975 661 998 679 ad
1014 660 1124 679 Concilium
1146 661 1195 679 indi-

270 693 344 711 cendum
364 693 461 711 invitatur.
481 692 508 710 Ea
524 692 542 711 in
557 699 597 711 sese
611 692 657 711 haec
672 697 728 717 atquc
743 693 774 711 illa
789 692 932 717 complectitur,
953 693 976 711 de
990 693 1060 717 quibus
1080 698 1131 711 nunc
1149 692 1196 711 nihil

269 724 380 748 pronuncio:
401 730 462 742 unum
480 727 516 745 est,
530 724 584 748 quod
605 724 658 747 dico,
678 724 767 742 ordinem
786 728 873 743 nostrum
890 724 928 742 illic
945 724 1084 743 contumeliose
1104 723 1195 748 adpellari

269 760 323 779 usque
337 755 393 778 adeo,
409 759 430 773 ut
443 755 549 779 prophanis
564 755 676 773 hominibus
691 759 709 773 et
722 755 741 773 in
757 761 793 774 nos
807 755 852 773 satis
866 755 938 780 alioqui
959 755 1041 773 incitatis
1055 755 1115 773 calcar
1130 755 1196 773 etiam-

268 791 309 804 num
323 787 410 805 additum
425 792 465 804 esse
480 786 571 804 videatur,
590 786 655 810 ltaque
670 786 727 805 officii
743 786 783 805 VV.
798 786 875 804 Ftatum
891 793 931 805 esse
946 790 1002 811 puto,
1016 790 1037 805 ut
1051 787 1137 811 exempla
1157 786 1196 810 ejus

266 816 316 836 istius
330 817 437 840 Orationis,
452 821 500 842 quot
514 817 596 836 maxime
610 821 696 842 possunt,
711 817 833 842 conquirant,
848 817 871 836 ad
883 823 942 842 seque
956 817 1044 836 universa
1059 817 1128 836 deferri
1143 823 1196 835 man-

265 847 319 872 dent,
332 849 434 873 delataque
448 848 475 867 sic
489 852 595 871 asservent,
615 853 635 867 ut
650 855 673 867 ne
687 849 740 873 quod
754 849 855 873 vestigium
871 855 931 873 usque
948 848 1036 873 supersil-
1060 848 1080 866 ln
1096 848 1118 866 iis
1133 853 1195 867 autem

263 880 352 898 omnibus
367 879 485 904 vigilantiam
501 880 523 898 R.
539 880 577 898 Dni
591 880 757 898 Administratoris
766 880 774 892 ³
788 880 892 904 requirant,
906 884 927 898 ut
939 886 995 905 quam
1008 880 1032 898 de
1043 886 1063 898 se
1075 880 1197 904 opinionem,

263 909 311 929 dutn
324 910 368 929 huic
383 910 458 929 muneri
473 910 617 935 praeficeretur,
632 911 744 934 concitarat,
759 917 801 929 eam
815 911 908 930 sustineat
925 917 976 929 nunc
991 917 1012 929 ac
1027 915 1108 929 tueatur.
1128 910 1196 929 Cetera

262 946 323 965 quum
337 942 400 961 isthuc
415 948 492 965 venero,
508 942 548 960 VV.
563 942 626 960 Ftates
641 942 712 961 interea
727 946 773 967 opto
788 943 836 961 bene
850 943 918 961 valere.
933 942 994 960 xxm
1010 942 1114 960 Februarii.

293 1014 332 1034 590.
369 1015 467 1034 Joanni
481 1015 665 1037 Przeremhski.
679 1016 894 1035 Administratori
909 1015 1073 1035 cracoviensi
1083 1015 1095 1034 ³.

861 1062 969 1085 Volboriae,
982 1063 1009 1080 23
1022 1062 1127 1081 Februarii
1141 1062 1196 1080 1551.

325 1097 411 1116 Julianus
426 1097 494 1121 italus,
513 1098 571 1116 olitor
585 1098 718 1123 Pradnicensis
728 1099 741 1122 ⁴,
756 1099 830 1122 honos,
848 1099 918 1123 quibus
935 1099 1025 1117 curandis
1042 1098 1149 1123 praefectus
1163 1102 1196 1121 est,

261 1129 364 1148 *tercorari
386 1135 436 1154 opus
456 1135 496 1148 esse
515 1130 590 1153 scribit,
612 1136 670 1155 quam
688 1130 712 1148 ad
729 1136 769 1149 rem
789 1130 843 1155 equis
862 1136 881 1149 se
897 1134 914 1149 et
931 1136 991 1155 opera
1013 1130 1082 1149 rustica
1104 1130 1196 1154 indigere.

261 1157 400 1182 Quamobrem
414 1160 437 1179 V.
452 1160 526 1179 Ftatern
542 1167 597 1185 rogo,
611 1165 733 1186 perspectum
748 1161 829 1184 habens,
848 1167 881 1180 eos
895 1162 961 1180 hortos
976 1161 1107 1186 proximorum
1122 1167 1197 1185 semper

261 1193 323 1215 opera
343 1191 459 1210 rusticorum
473 1192 510 1210 coli
525 1191 582 1210 fuisse
600 1196 674 1215 suetus,
689 1193 766 1211 eosdem
781 1196 802 1211 ut
816 1193 907 1216 rusticos,
922 1193 955 1217 qui
969 1197 1012 1211 sunt
1027 1193 1045 1211 in
1060 1192 1158 1217 proximo,
1173 1192 1195 1211 ad

258 1224 314 1246 opus
334 1223 406 1245 mittat,
425 1223 507 1241 maxime
521 1223 556 1241 hac
571 1223 606 1242 ista
621 1224 727 1242 devehendi
747 1224 839 1248 quicquid
858 1230 934 1242 neeesse
948 1224 983 1242 erit
997 1224 1142 1248 opportunitate
1162 1224 1197 1242 du>

257 1254 324 1277 rtute,
338 1258 359 1272 ut
373 1254 478 1272 habeamus
493 1254 569 1277 deinde,
584 1254 615 1273 ubi
630 1260 674 1272 cum
690 1254 712 1272 V.
727 1254 780 1273 Frate
795 1255 918 1273 hortensibus
933 1255 968 1273 illis
983 1255 1056 1273 deliciis
1070 1255 1197 1279 perfruamur,

256 1284 417 1310 memoriamque
433 1285 475 1303 Divi
490 1285 594 1308 Samuelis,
614 1285 647 1310 qui
662 1286 735 1310 primus
749 1292 781 1305 eos
799 1286 866 1305 hortos
884 1287 978 1311 plantasse
996 1286 1056 1311 iisque
1075 1286 1198 1305 vehementer

256 1310 367 1335 delectatus
382 1322 422 1335 esse
437 1316 512 1339 dicitur,
526 1316 601 1341 saepius
616 1321 730 1341 repetamus.
745 1317 787 1342 Ego
802 1318 864 1341 enim,
879 1318 989 1342 praesertim
1003 1318 1019 1336 si
1033 1317 1080 1336 mihi
1095 1318 1120 1336 ita
1134 1317 1197 1336 traditi

256 1341 340 1371 Fuerint,
353 1347 403 1366 sicut
417 1348 441 1366 ab
455 1347 497 1372 ipso
512 1347 572 1366 relicti
587 1352 637 1371 sunt,
652 1348 795 1371 demonstrabo,
810 1353 892 1373 quantus
907 1349 922 1368 is
935 1349 964 1367 vir
978 1349 1043 1372 fuerit,
1058 1349 1091 1373 qui
1106 1355 1138 1367 eos
1153 1349 1197 1367 hur-

256 1375 293 1398 Qs
306 1383 324 1398 et
339 1378 431 1397 exstruxit
445 1383 463 1397 et
477 1379 585 1401 illustravit,
606 1379 709 1403 incisisque
723 1379 742 1398 in
757 1379 841 1404 lapidem
861 1380 919 1398 literis
938 1380 1091 1398 recordationem
1109 1380 1159 1398 illius
1174 1380 1197 1398 ad

256 1409 352 1429 Dosteros
366 1410 425 1428 etiam
440 1410 575 1428 transmittam.
598 1410 664 1434 ltaque
679 1410 701 1428 V.
716 1410 759 1428 Ftas
774 1411 869 1435 quidquid
883 1411 927 1430 inde
941 1411 1027 1430 ablatum
1041 1411 1084 1434 fuit,
1104 1411 1197 1436 reportari

256 1441 352 1465 handet,
372 1445 394 1460 ut
413 1440 504 1460 fenestras
525 1445 543 1460 et
559 1441 594 1459 alia
614 1441 699 1466 ejusdem
720 1442 803 1466 generis,
823 1442 950 1467 inprimisque
969 1442 1073 1467 imaginem
1091 1443 1110 1461 in
1128 1443 1198 1466 tabula,

256 1474 310 1499 {uae
324 1479 349 1492 ex
363 1479 396 1491 ara
418 1472 480 1491 sacelli
501 1473 565 1491 avulsa
586 1477 622 1496 est,
643 1477 664 1491 ut
684 1473 734 1491 horti
756 1473 781 1491 illi
801 1479 840 1492 non
862 1474 921 1492 modo
945 1474 1053 1492 civilitatem
1068 1474 1088 1492 in
1102 1474 1197 1497 homines,

256 1503 291 1528 hd
307 1505 368 1523 etiam
382 1504 461 1528 vestigia
477 1504 496 1522 in
511 1504 573 1522 Deum
588 1504 663 1528 pietatis
684 1504 818 1529 praeseferant.
838 1505 858 1523 ld
873 1505 898 1523 ita
913 1505 935 1523 V.
950 1505 1025 1523 Ftatem
1044 1505 1137 1524 facturam
1157 1511 1198 1524 csse

256 1536 348 1560 vEmfido,
364 1541 415 1560 quae
430 1536 477 1554 bene
491 1535 558 1554 valeat.
573 1535 644 1554 Datum
659 1535 724 1559 xxm,
739 1536 844 1554 Volboriae
858 1536 929 1554 MDLI.

257 1603 259 1605 ’
290 1600 297 1611 ¹
320 1598 389 1615 loannis
400 1598 476 1613 Cosminii
488 1597 628 1618 (Koimiitczykafi
640 1597 659 1613 cf.
672 1597 706 1617 578.
770 1597 777 1608 ²
792 1597 886 1613 Cra-:ovini

288 1626 297 1637 ⁸
321 1625 408 1645 Wybrnny
423 1629 442 1639 na
453 1627 469 1643 te
482 1624 553 1644 godnos‘e
567 1629 588 1644 po
602 1624 663 1639 §mierci
677 1623 744 1643 biskupn
759 1623 895 1643 Maciejowsltiego
909 1628 955 1643 przez
970 1623 1039 1644 kapitule
1054 1624 1147 1643 kraknwskq
1161 1624 1197 1640 dnin

322 1651 344 1666 23
356 1651 436 1671 listopadn
451 1650 489 1665 1550
507 1650 546 1665 Acta
557 1653 586 1665 act.
599 1650 667 1670 Capituli
679 1650 720 1665 Eccl.
732 1649 774 1665 cath.
785 1650 830 1665 Crac.

256 1691 258 1698 ἶ
287 1679 296 1689 ⁴
321 1677 393 1697 Pudnilt
401 1677 433 1697 pod
440 1676 540 1694 Krakowem,
549 1675 593 1695 gdzie
599 1675 696 1695 poprzednilt
705 1675 864 1696 Zebrzydowskiego,
871 1676 935 1691 Samuel
944 1675 1055 1695 Maciejowski,
1061 1676 1105 1696 patae:
1115 1676 1198 1695 „wtosltim

256 1705 259 1733 ἰ
321 1703 425 1721 mumma
437 1703 462 1722 jnlt
473 1702 496 1722 sie
507 1702 568 1722 wyraza
580 1701 654 1717 Gornicki
666 1706 681 1716 w
689 1701 802 1720 Dworznninie‚
814 1702 917 1722 wybudowue
929 1702 978 1717 knzal.
