<?xml version="1.0" encoding="UTF-8"?>
<!DOCTYPE html PUBLIC "-//W3C//DTD XHTML 1.0 Transitional//EN"
    "http://www.w3.org/TR/xhtml1/DTD/xhtml1-transitional.dtd">
<html xmlns="http://www.w3.org/1999/xhtml" xml:lang="en" lang="en">
 <head>
  <title>
</title>
<meta http-equiv="Content-Type" content="text/html;charset=utf-8" />
  <meta name='ocr-system' content='tesseract 3.04.00' />
  <meta name='ocr-capabilities' content='ocr_page ocr_carea ocr_par ocr_line ocrx_word'/>
</head>
<body>
  <div class='ocr_page' id='page_1' title='image "actahistoricare06ulangoog_0461.png"; bbox 0 0 1465 2093; ppageno 0'>
   <div class='ocr_carea' id='block_1_1' title="bbox 178 210 1135 231">
    <p class='ocr_par' dir='ltr' id='par_1_1' title="bbox 178 210 1135 231">
     <span class='ocr_line' id='line_1_1' title="bbox 178 210 1135 231; baseline -0.004 -4"><span class='ocrx_word' id='word_1_1' title='bbox 178 217 188 231; x_wconf 58' lang='grc' dir='ltr'>ξ</span> <span class='ocrx_word' id='word_1_2' title='bbox 525 211 665 226; x_wconf 65' lang='lat' dir='ltr'>EmSTOhAth</span> <span class='ocrx_word' id='word_1_3' title='bbox 679 212 740 229; x_wconf 74' lang='lat' dir='ltr'>unm,</span> <span class='ocrx_word' id='word_1_4' title='bbox 753 211 818 225; x_wconf 65' lang='lat' dir='ltr'>umal.</span> <span class='ocrx_word' id='word_1_5' title='bbox 1100 210 1135 229; x_wconf 79' lang='lat'>42!</span> 
     </span>
    </p>
   </div>
   <div class='ocr_carea' id='block_1_2' title="bbox 178 262 1141 1503">
    <p class='ocr_par' dir='ltr' id='par_1_2' title="bbox 178 262 1141 1503">
     <span class='ocr_line' id='line_1_2' title="bbox 178 262 1138 289; baseline -0.002 -6"><span class='ocrx_word' id='word_1_6' title='bbox 178 264 192 286; x_wconf 66' lang='grc' dir='ltr'>ἑ</span> <span class='ocrx_word' id='word_1_7' title='bbox 204 264 263 283; x_wconf 75' lang='lat' dir='ltr'>etiam</span> <span class='ocrx_word' id='word_1_8' title='bbox 278 264 331 289; x_wconf 88' lang='lat' dir='ltr'>quod</span> <span class='ocrx_word' id='word_1_9' title='bbox 347 264 382 282; x_wconf 90' lang='lat' dir='ltr'>nisi</span> <span class='ocrx_word' id='word_1_10' title='bbox 396 263 444 286; x_wconf 87' lang='lat' dir='ltr'>ierit,</span> <span class='ocrx_word' id='word_1_11' title='bbox 459 264 530 286; x_wconf 85' lang='lat' dir='ltr'>omnia,</span> <span class='ocrx_word' id='word_1_12' title='bbox 545 269 594 288; x_wconf 69' lang='lat' dir='ltr'>quae</span> <span class='ocrx_word' id='word_1_13' title='bbox 606 264 625 282; x_wconf 84' lang='lat' dir='ltr'>in</span> <span class='ocrx_word' id='word_1_14' title='bbox 638 264 726 282; x_wconf 78' lang='lat' dir='ltr'>Valachia</span> <span class='ocrx_word' id='word_1_15' title='bbox 741 267 793 288; x_wconf 77' lang='lat' dir='ltr'>gesta</span> <span class='ocrx_word' id='word_1_16' title='bbox 806 267 856 286; x_wconf 91' lang='lat' dir='ltr'>sunt,</span> <span class='ocrx_word' id='word_1_17' title='bbox 869 263 891 282; x_wconf 88' lang='lat' dir='ltr'>V.</span> <span class='ocrx_word' id='word_1_18' title='bbox 904 262 968 281; x_wconf 70' lang='lat' dir='ltr'>Mtntis</span> <span class='ocrx_word' id='word_1_19' title='bbox 982 263 1073 282; x_wconf 79' lang='lat' dir='ltr'>mamiato</span> <span class='ocrx_word' id='word_1_20' title='bbox 1086 267 1138 287; x_wconf 80' lang='lat' dir='ltr'>gesta</span> 
     </span>
     <span class='ocr_line' id='line_1_3' title="bbox 178 293 1138 321; baseline 0 -8"><span class='ocrx_word' id='word_1_21' title='bbox 178 301 192 321; x_wconf 54' lang='grc' dir='ltr'>ᾗ,</span> <span class='ocrx_word' id='word_1_22' title='bbox 203 295 329 318; x_wconf 82' lang='lat' dir='ltr'>videbuntur,</span> <span class='ocrx_word' id='word_1_23' title='bbox 343 295 502 320; x_wconf 81' lang='lat' dir='ltr'>quondoquidem</span> <span class='ocrx_word' id='word_1_24' title='bbox 519 295 611 319; x_wconf 80' lang='lat' dir='ltr'>Legatum</span> <span class='ocrx_word' id='word_1_25' title='bbox 626 295 649 313; x_wconf 84' lang='lat' dir='ltr'>de</span> <span class='ocrx_word' id='word_1_26' title='bbox 664 294 751 317; x_wconf 76' lang='lat' dir='ltr'>foedere,</span> <span class='ocrx_word' id='word_1_27' title='bbox 771 294 801 313; x_wconf 89' lang='lat' dir='ltr'>cui</span> <span class='ocrx_word' id='word_1_28' title='bbox 816 300 850 319; x_wconf 88' lang='lat' dir='ltr'>per</span> <span class='ocrx_word' id='word_1_29' title='bbox 864 294 982 313; x_wconf 84' lang='lat' dir='ltr'>Broniewski</span> <span class='ocrx_word' id='word_1_30' title='bbox 1000 293 1047 313; x_wconf 80' lang='lat' dir='ltr'>fides</span> <span class='ocrx_word' id='word_1_31' title='bbox 1062 294 1138 319; x_wconf 82' lang='lat' dir='ltr'>publica</span> 
     </span>
     <span class='ocr_line' id='line_1_4' title="bbox 178 322 1138 356; baseline -0.001 -11"><span class='ocrx_word' id='word_1_32' title='bbox 178 322 248 356; x_wconf 48' lang='lat' dir='ltr'>ffdutn</span> <span class='ocrx_word' id='word_1_33' title='bbox 263 331 319 349; x_wconf 85' lang='lat' dir='ltr'>esset,</span> <span class='ocrx_word' id='word_1_34' title='bbox 334 332 373 345; x_wconf 89' lang='lat' dir='ltr'>non</span> <span class='ocrx_word' id='word_1_35' title='bbox 388 326 467 349; x_wconf 77' lang='lat' dir='ltr'>miserit,</span> <span class='ocrx_word' id='word_1_36' title='bbox 481 326 522 345; x_wconf 83' lang='lat' dir='ltr'>imo</span> <span class='ocrx_word' id='word_1_37' title='bbox 537 326 588 351; x_wconf 80' lang='lat' dir='ltr'>quod</span> <span class='ocrx_word' id='word_1_38' title='bbox 603 326 731 350; x_wconf 83' lang='lat' dir='ltr'>suspiciosum</span> <span class='ocrx_word' id='word_1_39' title='bbox 747 325 807 350; x_wconf 80' lang='lat' dir='ltr'>magis</span> <span class='ocrx_word' id='word_1_40' title='bbox 821 326 868 349; x_wconf 74' lang='lat' dir='ltr'>erit,</span> <span class='ocrx_word' id='word_1_41' title='bbox 882 331 904 344; x_wconf 84' lang='lat' dir='ltr'>ex</span> <span class='ocrx_word' id='word_1_42' title='bbox 919 325 983 344; x_wconf 87' lang='lat' dir='ltr'>medio</span> <span class='ocrx_word' id='word_1_43' title='bbox 998 325 1064 344; x_wconf 84' lang='lat' dir='ltr'>itinere</span> <span class='ocrx_word' id='word_1_44' title='bbox 1084 331 1138 344; x_wconf 89' lang='lat' dir='ltr'>revo-</span> 
     </span>
     <span class='ocr_line' id='line_1_5' title="bbox 178 357 1139 386; baseline -0.002 -9"><span class='ocrx_word' id='word_1_45' title='bbox 178 360 189 386; x_wconf 61' lang='lat'>3</span> <span class='ocrx_word' id='word_1_46' title='bbox 203 358 258 380; x_wconf 75' lang='lat' dir='ltr'>urit,</span> <span class='ocrx_word' id='word_1_47' title='bbox 274 358 365 382; x_wconf 81' lang='lat' dir='ltr'>quodque</span> <span class='ocrx_word' id='word_1_48' title='bbox 378 358 389 379; x_wconf 81' lang='grc' dir='ltr'>Ι,</span> <span class='ocrx_word' id='word_1_49' title='bbox 404 357 439 375; x_wconf 91' lang='lat' dir='ltr'>nisi</span> <span class='ocrx_word' id='word_1_50' title='bbox 453 357 529 376; x_wconf 76' lang='lat' dir='ltr'>Turcae</span> <span class='ocrx_word' id='word_1_51' title='bbox 543 357 619 376; x_wconf 85' lang='lat' dir='ltr'>animus</span> <span class='ocrx_word' id='word_1_52' title='bbox 633 363 680 375; x_wconf 86' lang='lat' dir='ltr'>ausu</span> <span class='ocrx_word' id='word_1_53' title='bbox 695 361 752 381; x_wconf 88' lang='lat' dir='ltr'>atque</span> <span class='ocrx_word' id='word_1_54' title='bbox 767 357 872 376; x_wconf 74' lang='lat' dir='ltr'>temeritate</span> <span class='ocrx_word' id='word_1_55' title='bbox 889 360 1001 375; x_wconf 84' lang='lat' dir='ltr'>nostrorum</span> <span class='ocrx_word' id='word_1_56' title='bbox 1017 357 1139 376; x_wconf 77' lang='lat' dir='ltr'>exacerbatus</span> 
     </span>
     <span class='ocr_line' id='line_1_6' title="bbox 178 388 1139 413; baseline -0.001 -6"><span class='ocrx_word' id='word_1_57' title='bbox 178 389 189 403; x_wconf 91' lang='lat'>-&#39;</span> <span class='ocrx_word' id='word_1_58' title='bbox 204 388 324 411; x_wconf 73' lang='lat' dir='ltr'>molliatur,</span> <span class='ocrx_word' id='word_1_59' title='bbox 344 388 429 407; x_wconf 73' lang='lat' dir='ltr'>futurum</span> <span class='ocrx_word' id='word_1_60' title='bbox 444 392 482 412; x_wconf 77' lang='lat' dir='ltr'>est,</span> <span class='ocrx_word' id='word_1_61' title='bbox 502 392 523 407; x_wconf 87' lang='lat' dir='ltr'>ut</span> <span class='ocrx_word' id='word_1_62' title='bbox 537 388 556 407; x_wconf 90' lang='lat' dir='ltr'>in</span> <span class='ocrx_word' id='word_1_63' title='bbox 571 388 605 407; x_wconf 80' lang='lat' dir='ltr'>hac</span> <span class='ocrx_word' id='word_1_64' title='bbox 620 392 685 407; x_wconf 86' lang='lat' dir='ltr'>nostra</span> <span class='ocrx_word' id='word_1_65' title='bbox 699 392 751 407; x_wconf 78' lang='lat' dir='ltr'>tanta</span> <span class='ocrx_word' id='word_1_66' title='bbox 769 388 869 407; x_wconf 81' lang='lat' dir='ltr'>securitate</span> <span class='ocrx_word' id='word_1_67' title='bbox 884 392 941 413; x_wconf 80' lang='lat' dir='ltr'>atque</span> <span class='ocrx_word' id='word_1_68' title='bbox 959 388 1009 411; x_wconf 86' lang='lat' dir='ltr'>otio,</span> <span class='ocrx_word' id='word_1_69' title='bbox 1029 388 1067 407; x_wconf 92' lang='lat' dir='ltr'>duo</span> <span class='ocrx_word' id='word_1_70' title='bbox 1083 388 1139 407; x_wconf 85' lang='lat' dir='ltr'>nobis</span> 
     </span>
     <span class='ocr_line' id='line_1_7' title="bbox 178 418 1139 444; baseline 0 -6"><span class='ocrx_word' id='word_1_71' title='bbox 178 418 186 441; x_wconf 64' lang='grc' dir='ltr'>Β,</span> <span class='ocrx_word' id='word_1_72' title='bbox 203 419 321 444; x_wconf 73' lang='lat' dir='ltr'>imperatis²</span> <span class='ocrx_word' id='word_1_73' title='bbox 342 419 407 438; x_wconf 78' lang='lat' dir='ltr'>subito</span> <span class='ocrx_word' id='word_1_74' title='bbox 426 419 464 438; x_wconf 87' lang='lat' dir='ltr'>sint</span> <span class='ocrx_word' id='word_1_75' title='bbox 480 419 608 444; x_wconf 79' lang='lat' dir='ltr'>potentissimi</span> <span class='ocrx_word' id='word_1_76' title='bbox 628 419 705 438; x_wconf 87' lang='lat' dir='ltr'>Turcae</span> <span class='ocrx_word' id='word_1_77' title='bbox 725 419 817 438; x_wconf 81' lang='lat' dir='ltr'>exercitus</span> <span class='ocrx_word' id='word_1_78' title='bbox 836 419 952 443; x_wconf 83' lang='lat' dir='ltr'>sustinendi,</span> <span class='ocrx_word' id='word_1_79' title='bbox 975 425 1059 444; x_wconf 87' lang='lat' dir='ltr'>quorum</span> <span class='ocrx_word' id='word_1_80' title='bbox 1078 420 1139 438; x_wconf 74' lang='lat' dir='ltr'>altero</span> 
     </span>
     <span class='ocr_line' id='line_1_8' title="bbox 178 450 1139 476; baseline 0 -7"><span class='ocrx_word' id='word_1_81' title='bbox 178 470 183 475; x_wconf 38' lang='lat' dir='ltr'>y</span> <span class='ocrx_word' id='word_1_82' title='bbox 203 455 281 476; x_wconf 77' lang='lat' dir='ltr'>premet</span> <span class='ocrx_word' id='word_1_83' title='bbox 295 450 402 473; x_wconf 77' lang='lat' dir='ltr'>Podoliam,</span> <span class='ocrx_word' id='word_1_84' title='bbox 416 451 476 469; x_wconf 80' lang='lat' dir='ltr'>altero</span> <span class='ocrx_word' id='word_1_85' title='bbox 491 450 603 475; x_wconf 86' lang='lat' dir='ltr'>Scepusium</span> <span class='ocrx_word' id='word_1_86' title='bbox 618 451 751 475; x_wconf 68' lang='lat' dir='ltr'>populabitur,</span> <span class='ocrx_word' id='word_1_87' title='bbox 771 451 795 469; x_wconf 86' lang='lat' dir='ltr'>ab</span> <span class='ocrx_word' id='word_1_88' title='bbox 809 455 890 475; x_wconf 82' lang='lat' dir='ltr'>utraque</span> <span class='ocrx_word' id='word_1_89' title='bbox 904 450 938 469; x_wconf 76' lang='lat' dir='ltr'>hac</span> <span class='ocrx_word' id='word_1_90' title='bbox 954 451 1004 469; x_wconf 88' lang='lat' dir='ltr'>enim</span> <span class='ocrx_word' id='word_1_91' title='bbox 1019 455 1072 475; x_wconf 78' lang='lat' dir='ltr'>parte</span> <span class='ocrx_word' id='word_1_92' title='bbox 1086 456 1139 469; x_wconf 86' lang='lat' dir='ltr'>exer-</span> 
     </span>
     <span class='ocr_line' id='line_1_9' title="bbox 178 481 1138 507; baseline 0 -7"><span class='ocrx_word' id='word_1_93' title='bbox 178 481 180 487; x_wconf 78' lang='lat'>²</span> <span class='ocrx_word' id='word_1_94' title='bbox 204 481 255 501; x_wconf 75' lang='lat' dir='ltr'>citus</span> <span class='ocrx_word' id='word_1_95' title='bbox 275 481 396 500; x_wconf 76' lang='lat' dir='ltr'>firmissimus</span> <span class='ocrx_word' id='word_1_96' title='bbox 416 482 482 500; x_wconf 81' lang='lat' dir='ltr'>haberi</span> <span class='ocrx_word' id='word_1_97' title='bbox 502 482 581 504; x_wconf 87' lang='lat' dir='ltr'>dicitur,</span> <span class='ocrx_word' id='word_1_98' title='bbox 601 488 636 506; x_wconf 86' lang='lat' dir='ltr'>ego</span> <span class='ocrx_word' id='word_1_99' title='bbox 656 485 719 500; x_wconf 80' lang='lat' dir='ltr'>autem</span> <span class='ocrx_word' id='word_1_100' title='bbox 737 488 811 504; x_wconf 80' lang='lat' dir='ltr'>vereor,</span> <span class='ocrx_word' id='word_1_101' title='bbox 831 486 852 500; x_wconf 93' lang='lat' dir='ltr'>ut</span> <span class='ocrx_word' id='word_1_102' title='bbox 865 482 951 507; x_wconf 85' lang='lat' dir='ltr'>utrisque</span> <span class='ocrx_word' id='word_1_103' title='bbox 967 482 1091 501; x_wconf 79' lang='lat' dir='ltr'>sufficiamus.</span> <span class='ocrx_word' id='word_1_104' title='bbox 1113 483 1138 501; x_wconf 83' lang='lat' dir='ltr'>At</span> 
     </span>
     <span class='ocr_line' id='line_1_10' title="bbox 178 509 1138 538; baseline 0 -6"><span class='ocrx_word' id='word_1_105' title='bbox 178 509 187 535; x_wconf 40' lang='grc' dir='ltr'><em>ᾗ</em></span> <span class='ocrx_word' id='word_1_106' title='bbox 202 518 252 532; x_wconf 78' lang='lat' dir='ltr'>vero</span> <span class='ocrx_word' id='word_1_107' title='bbox 266 513 282 531; x_wconf 93' lang='lat' dir='ltr'>si</span> <span class='ocrx_word' id='word_1_108' title='bbox 296 513 378 538; x_wconf 81' lang='lat' dir='ltr'>Legatus</span> <span class='ocrx_word' id='word_1_109' title='bbox 392 519 436 532; x_wconf 76' lang='lat' dir='ltr'>cum</span> <span class='ocrx_word' id='word_1_110' title='bbox 450 513 545 532; x_wconf 80' lang='lat' dir='ltr'>mandatis</span> <span class='ocrx_word' id='word_1_111' title='bbox 560 513 669 537; x_wconf 78' lang='lat' dir='ltr'>perrexerit,</span> <span class='ocrx_word' id='word_1_112' title='bbox 684 513 713 531; x_wconf 86' lang='lat' dir='ltr'>vel</span> <span class='ocrx_word' id='word_1_113' title='bbox 727 513 810 537; x_wconf 78' lang='lat' dir='ltr'>placabit</span> <span class='ocrx_word' id='word_1_114' title='bbox 824 519 902 537; x_wconf 82' lang='lat' dir='ltr'>prorsus</span> <span class='ocrx_word' id='word_1_115' title='bbox 917 513 1025 536; x_wconf 80' lang='lat' dir='ltr'>hominem,</span> <span class='ocrx_word' id='word_1_116' title='bbox 1045 513 1074 531; x_wconf 92' lang='lat' dir='ltr'>vel</span> <span class='ocrx_word' id='word_1_117' title='bbox 1088 517 1138 532; x_wconf 80' lang='lat' dir='ltr'>certe</span> 
     </span>
     <span class='ocr_line' id='line_1_11' title="bbox 178 543 1138 569; baseline 0 -7"><span class='ocrx_word' id='word_1_118' title='bbox 178 543 180 560; x_wconf 79' lang='grc' dir='ltr'>ἶ</span> <span class='ocrx_word' id='word_1_119' title='bbox 202 544 298 568; x_wconf 75' lang='lat' dir='ltr'>tantisper</span> <span class='ocrx_word' id='word_1_120' title='bbox 312 544 420 568; x_wconf 88' lang='lat' dir='ltr'>occupabit,</span> <span class='ocrx_word' id='word_1_121' title='bbox 434 544 481 562; x_wconf 90' lang='lat' dir='ltr'>dum</span> <span class='ocrx_word' id='word_1_122' title='bbox 496 544 552 562; x_wconf 89' lang='lat' dir='ltr'>nobis</span> <span class='ocrx_word' id='word_1_123' title='bbox 567 544 608 562; x_wconf 82' lang='lat' dir='ltr'>aliis</span> <span class='ocrx_word' id='word_1_124' title='bbox 623 544 728 563; x_wconf 86' lang='lat' dir='ltr'>rationibus</span> <span class='ocrx_word' id='word_1_125' title='bbox 743 544 882 569; x_wconf 78' lang='lat' dir='ltr'>prospiciamus</span> <span class='ocrx_word' id='word_1_126' title='bbox 892 544 905 562; x_wconf 80' lang='lat'>³.</span> <span class='ocrx_word' id='word_1_127' title='bbox 924 544 1056 566; x_wconf 84' lang='lat' dir='ltr'>Quamobrem</span> <span class='ocrx_word' id='word_1_128' title='bbox 1072 543 1138 562; x_wconf 92' lang='lat' dir='ltr'>Comi-</span> 
     </span>
     <span class='ocr_line' id='line_1_12' title="bbox 179 575 1139 600; baseline -0.001 -6"><span class='ocrx_word' id='word_1_129' title='bbox 179 584 182 595; x_wconf 86' lang='lat'>:</span> <span class='ocrx_word' id='word_1_130' title='bbox 201 575 231 594; x_wconf 76' lang='lat' dir='ltr'>tia</span> <span class='ocrx_word' id='word_1_131' title='bbox 246 581 324 600; x_wconf 87' lang='lat' dir='ltr'>quoque</span> <span class='ocrx_word' id='word_1_132' title='bbox 344 575 392 594; x_wconf 90' lang='lat' dir='ltr'>edici</span> <span class='ocrx_word' id='word_1_133' title='bbox 412 579 502 600; x_wconf 79' lang='lat' dir='ltr'>oportere</span> <span class='ocrx_word' id='word_1_134' title='bbox 521 581 600 598; x_wconf 83' lang='lat' dir='ltr'>censeo,</span> <span class='ocrx_word' id='word_1_135' title='bbox 620 580 641 594; x_wconf 88' lang='lat' dir='ltr'>ut</span> <span class='ocrx_word' id='word_1_136' title='bbox 655 576 679 594; x_wconf 89' lang='lat' dir='ltr'>de</span> <span class='ocrx_word' id='word_1_137' title='bbox 693 575 826 600; x_wconf 82' lang='lat' dir='ltr'>propulsando</span> <span class='ocrx_word' id='word_1_138' title='bbox 847 575 946 593; x_wconf 89' lang='lat' dir='ltr'>communi</span> <span class='ocrx_word' id='word_1_139' title='bbox 966 575 1022 594; x_wconf 80' lang='lat' dir='ltr'>etiam</span> <span class='ocrx_word' id='word_1_140' title='bbox 1042 575 1139 593; x_wconf 77' lang='lat' dir='ltr'>consilio⁴</span> 
     </span>
     <span class='ocr_line' id='line_1_13' title="bbox 178 606 1138 631; baseline -0.001 -6"><span class='ocrx_word' id='word_1_141' title='bbox 178 609 180 611; x_wconf 91' lang='lat'>&#39;</span> <span class='ocrx_word' id='word_1_142' title='bbox 202 606 280 631; x_wconf 72' lang='lat' dir='ltr'>aliquid</span> <span class='ocrx_word' id='word_1_143' title='bbox 293 610 393 630; x_wconf 74' lang='lat' dir='ltr'>statuatur,</span> <span class='ocrx_word' id='word_1_144' title='bbox 408 610 426 625; x_wconf 74' lang='lat' dir='ltr'>ut</span> <span class='ocrx_word' id='word_1_145' title='bbox 440 607 477 625; x_wconf 90' lang='lat' dir='ltr'>hoc</span> <span class='ocrx_word' id='word_1_146' title='bbox 491 607 594 629; x_wconf 76' lang='lat' dir='ltr'>maturius,</span> <span class='ocrx_word' id='word_1_147' title='bbox 609 612 648 631; x_wconf 90' lang='lat' dir='ltr'>quo</span> <span class='ocrx_word' id='word_1_148' title='bbox 664 607 723 631; x_wconf 82' lang='lat' dir='ltr'>magis</span> <span class='ocrx_word' id='word_1_149' title='bbox 738 606 847 625; x_wconf 82' lang='lat' dir='ltr'>maturitate</span> <span class='ocrx_word' id='word_1_150' title='bbox 861 610 889 625; x_wconf 87' lang='lat' dir='ltr'>est</span> <span class='ocrx_word' id='word_1_151' title='bbox 902 612 960 630; x_wconf 86' lang='lat' dir='ltr'>opus,</span> <span class='ocrx_word' id='word_1_152' title='bbox 980 606 1005 625; x_wconf 78' lang='lat' dir='ltr'>in</span> <span class='ocrx_word' id='word_1_153' title='bbox 1020 610 1041 624; x_wconf 93' lang='lat' dir='ltr'>ut</span> <span class='ocrx_word' id='word_1_154' title='bbox 1054 606 1078 625; x_wconf 83' lang='lat' dir='ltr'>ad</span> <span class='ocrx_word' id='word_1_155' title='bbox 1093 606 1138 630; x_wconf 87' lang='lat' dir='ltr'>Epi-</span> 
     </span>
     <span class='ocr_line' id='line_1_14' title="bbox 202 636 1138 662; baseline 0 -6"><span class='ocrx_word' id='word_1_156' title='bbox 202 637 288 662; x_wconf 72' lang='lat' dir='ltr'>phaniae</span> <span class='ocrx_word' id='word_1_157' title='bbox 303 637 358 656; x_wconf 79' lang='lat' dir='ltr'>ferias</span> <span class='ocrx_word' id='word_1_158' title='bbox 368 638 376 650; x_wconf 73' lang='lat'>³</span> <span class='ocrx_word' id='word_1_159' title='bbox 389 637 473 656; x_wconf 79' lang='lat' dir='ltr'>Comitia</span> <span class='ocrx_word' id='word_1_160' title='bbox 488 637 558 656; x_wconf 80' lang='lat' dir='ltr'>indicta</span> <span class='ocrx_word' id='word_1_161' title='bbox 573 637 683 656; x_wconf 74' lang='lat' dir='ltr'>habeamus.</span> <span class='ocrx_word' id='word_1_162' title='bbox 698 638 726 656; x_wconf 85' lang='lat' dir='ltr'>De</span> <span class='ocrx_word' id='word_1_163' title='bbox 740 638 785 656; x_wconf 89' lang='lat' dir='ltr'>loco</span> <span class='ocrx_word' id='word_1_164' title='bbox 799 637 846 662; x_wconf 80' lang='lat' dir='ltr'>quid</span> <span class='ocrx_word' id='word_1_165' title='bbox 861 636 933 656; x_wconf 76' lang='lat' dir='ltr'>dicam?</span> <span class='ocrx_word' id='word_1_166' title='bbox 950 637 985 656; x_wconf 88' lang='lat' dir='ltr'>nisi</span> <span class='ocrx_word' id='word_1_167' title='bbox 1000 638 1053 662; x_wconf 83' lang='lat' dir='ltr'>quod</span> <span class='ocrx_word' id='word_1_168' title='bbox 1067 637 1138 656; x_wconf 82' lang='lat' dir='ltr'>Craco-</span> 
     </span>
     <span class='ocr_line' id='line_1_15' title="bbox 202 668 1138 693; baseline 0 -6"><span class='ocrx_word' id='word_1_169' title='bbox 202 669 248 688; x_wconf 76' lang='lat' dir='ltr'>viae</span> <span class='ocrx_word' id='word_1_170' title='bbox 261 669 309 687; x_wconf 87' lang='lat' dir='ltr'>edici</span> <span class='ocrx_word' id='word_1_171' title='bbox 322 675 343 687; x_wconf 89' lang='lat' dir='ltr'>ea</span> <span class='ocrx_word' id='word_1_172' title='bbox 355 675 395 688; x_wconf 88' lang='lat' dir='ltr'>non</span> <span class='ocrx_word' id='word_1_173' title='bbox 410 673 458 687; x_wconf 83' lang='lat' dir='ltr'>esset</span> <span class='ocrx_word' id='word_1_174' title='bbox 471 669 512 687; x_wconf 88' lang='lat' dir='ltr'>sine</span> <span class='ocrx_word' id='word_1_175' title='bbox 527 669 606 687; x_wconf 79' lang='lat' dir='ltr'>ratione.</span> <span class='ocrx_word' id='word_1_176' title='bbox 621 669 665 687; x_wconf 90' lang='lat' dir='ltr'>Non</span> <span class='ocrx_word' id='word_1_177' title='bbox 676 669 719 687; x_wconf 90' lang='lat' dir='ltr'>dico</span> <span class='ocrx_word' id='word_1_178' title='bbox 731 669 754 687; x_wconf 85' lang='lat' dir='ltr'>de</span> <span class='ocrx_word' id='word_1_179' title='bbox 767 674 828 687; x_wconf 84' lang='lat' dir='ltr'>rerum</span> <span class='ocrx_word' id='word_1_180' title='bbox 844 674 930 687; x_wconf 76' lang='lat' dir='ltr'>mearum</span> <span class='ocrx_word' id='word_1_181' title='bbox 945 668 1025 691; x_wconf 84' lang='lat' dir='ltr'>ratione,</span> <span class='ocrx_word' id='word_1_182' title='bbox 1039 674 1075 693; x_wconf 84' lang='lat' dir='ltr'>ego</span> <span class='ocrx_word' id='word_1_183' title='bbox 1087 668 1138 687; x_wconf 88' lang='lat' dir='ltr'>enim</span> 
     </span>
     <span class='ocr_line' id='line_1_16' title="bbox 203 699 1138 725; baseline -0.001 -6"><span class='ocrx_word' id='word_1_184' title='bbox 203 706 250 719; x_wconf 83' lang='lat' dir='ltr'>curn</span> <span class='ocrx_word' id='word_1_185' title='bbox 269 700 329 719; x_wconf 82' lang='lat' dir='ltr'>Mtate</span> <span class='ocrx_word' id='word_1_186' title='bbox 344 700 365 718; x_wconf 80' lang='lat' dir='ltr'>V.</span> <span class='ocrx_word' id='word_1_187' title='bbox 380 706 411 719; x_wconf 87' lang='lat' dir='ltr'>me</span> <span class='ocrx_word' id='word_1_188' title='bbox 430 706 470 719; x_wconf 82' lang='lat' dir='ltr'>esse</span> <span class='ocrx_word' id='word_1_189' title='bbox 492 700 577 725; x_wconf 77' lang='lat' dir='ltr'>quovis¹³</span> <span class='ocrx_word' id='word_1_190' title='bbox 598 700 738 724; x_wconf 79' lang='lat' dir='ltr'>profecturum,</span> <span class='ocrx_word' id='word_1_191' title='bbox 757 699 841 718; x_wconf 80' lang='lat' dir='ltr'>fortassis</span> <span class='ocrx_word' id='word_1_192' title='bbox 860 700 898 724; x_wconf 77' lang='lat' dir='ltr'>jam</span> <span class='ocrx_word' id='word_1_193' title='bbox 918 700 981 724; x_wconf 73' lang='lat' dir='ltr'>palam</span> <span class='ocrx_word' id='word_1_194' title='bbox 1001 700 1138 718; x_wconf 87' lang='lat' dir='ltr'>demonstravi.</span> 
     </span>
     <span class='ocr_line' id='line_1_17' title="bbox 203 730 1138 756; baseline -0.001 -6"><span class='ocrx_word' id='word_1_195' title='bbox 203 730 245 751; x_wconf 82' lang='lat' dir='ltr'>Sed</span> <span class='ocrx_word' id='word_1_196' title='bbox 259 737 293 750; x_wconf 88' lang='lat' dir='ltr'>cur</span> <span class='ocrx_word' id='word_1_197' title='bbox 306 731 332 750; x_wconf 76' lang='lat' dir='ltr'>ita</span> <span class='ocrx_word' id='word_1_198' title='bbox 346 737 440 754; x_wconf 73' lang='lat' dir='ltr'>censeam,</span> <span class='ocrx_word' id='word_1_199' title='bbox 454 731 474 750; x_wconf 78' lang='lat' dir='ltr'>id</span> <span class='ocrx_word' id='word_1_200' title='bbox 488 737 555 750; x_wconf 81' lang='lat' dir='ltr'>causae</span> <span class='ocrx_word' id='word_1_201' title='bbox 570 735 603 754; x_wconf 87' lang='lat' dir='ltr'>est,</span> <span class='ocrx_word' id='word_1_202' title='bbox 618 731 671 756; x_wconf 84' lang='lat' dir='ltr'>quod</span> <span class='ocrx_word' id='word_1_203' title='bbox 686 730 779 750; x_wconf 77' lang='lat' dir='ltr'>Cracovia</span> <span class='ocrx_word' id='word_1_204' title='bbox 794 731 831 749; x_wconf 91' lang='lat' dir='ltr'>hoc</span> <span class='ocrx_word' id='word_1_205' title='bbox 845 735 933 755; x_wconf 88' lang='lat' dir='ltr'>tempore</span> <span class='ocrx_word' id='word_1_206' title='bbox 947 737 985 749; x_wconf 89' lang='lat' dir='ltr'>non</span> <span class='ocrx_word' id='word_1_207' title='bbox 1001 731 1064 750; x_wconf 91' lang='lat' dir='ltr'>minus</span> <span class='ocrx_word' id='word_1_208' title='bbox 1081 737 1138 755; x_wconf 86' lang='lat' dir='ltr'>quarn</span> 
     </span>
     <span class='ocr_line' id='line_1_18' title="bbox 203 761 1138 787; baseline -0.001 -6"><span class='ocrx_word' id='word_1_209' title='bbox 203 762 321 781; x_wconf 77' lang='lat' dir='ltr'>Cnmenecia</span> <span class='ocrx_word' id='word_1_210' title='bbox 332 763 339 775; x_wconf 91' lang='lat'>⁷</span> <span class='ocrx_word' id='word_1_211' title='bbox 352 762 438 787; x_wconf 82' lang='lat' dir='ltr'>periculo</span> <span class='ocrx_word' id='word_1_212' title='bbox 453 767 481 781; x_wconf 79' lang='lat' dir='ltr'>est</span> <span class='ocrx_word' id='word_1_213' title='bbox 495 762 589 785; x_wconf 78' lang='lat' dir='ltr'>obnoxia,</span> <span class='ocrx_word' id='word_1_214' title='bbox 604 763 644 781; x_wconf 86' lang='lat' dir='ltr'>imo</span> <span class='ocrx_word' id='word_1_215' title='bbox 658 768 697 787; x_wconf 87' lang='lat' dir='ltr'>quo</span> <span class='ocrx_word' id='word_1_216' title='bbox 712 761 804 781; x_wconf 75' lang='lat' dir='ltr'>Cracovia</span> <span class='ocrx_word' id='word_1_217' title='bbox 819 768 864 787; x_wconf 84' lang='lat' dir='ltr'>prae</span> <span class='ocrx_word' id='word_1_218' title='bbox 874 763 882 774; x_wconf 74' lang='lat'>³</span> <span class='ocrx_word' id='word_1_219' title='bbox 900 762 1015 780; x_wconf 85' lang='lat' dir='ltr'>Camenecia</span> <span class='ocrx_word' id='word_1_220' title='bbox 1030 762 1091 787; x_wconf 84' lang='lat' dir='ltr'>major</span> <span class='ocrx_word' id='word_1_221' title='bbox 1105 766 1138 784; x_wconf 74' lang='lat' dir='ltr'>est.</span> 
     </span>
     <span class='ocr_line' id='line_1_19' title="bbox 203 793 1139 819; baseline 0 -7"><span class='ocrx_word' id='word_1_222' title='bbox 203 793 242 812; x_wconf 82' lang='lat' dir='ltr'>hoc</span> <span class='ocrx_word' id='word_1_223' title='bbox 257 794 318 818; x_wconf 77' lang='lat' dir='ltr'>majus</span> <span class='ocrx_word' id='word_1_224' title='bbox 333 798 360 812; x_wconf 88' lang='lat' dir='ltr'>est</span> <span class='ocrx_word' id='word_1_225' title='bbox 374 794 425 812; x_wconf 85' lang='lat' dir='ltr'>illius</span> <span class='ocrx_word' id='word_1_226' title='bbox 439 800 497 819; x_wconf 84' lang='lat' dir='ltr'>quam</span> <span class='ocrx_word' id='word_1_227' title='bbox 511 794 565 812; x_wconf 89' lang='lat' dir='ltr'>istius</span> <span class='ocrx_word' id='word_1_228' title='bbox 584 794 701 818; x_wconf 89' lang='lat' dir='ltr'>periculum,</span> <span class='ocrx_word' id='word_1_229' title='bbox 719 794 785 812; x_wconf 82' lang='lat' dir='ltr'>adesse</span> <span class='ocrx_word' id='word_1_230' title='bbox 800 798 864 812; x_wconf 80' lang='lat' dir='ltr'>autem</span> <span class='ocrx_word' id='word_1_231' title='bbox 885 794 964 812; x_wconf 84' lang='lat' dir='ltr'>Mtatcm</span> <span class='ocrx_word' id='word_1_232' title='bbox 979 793 1002 812; x_wconf 86' lang='lat' dir='ltr'>V.</span> <span class='ocrx_word' id='word_1_233' title='bbox 1016 794 1040 812; x_wconf 77' lang='lat' dir='ltr'>ad</span> <span class='ocrx_word' id='word_1_234' title='bbox 1055 800 1076 812; x_wconf 85' lang='lat' dir='ltr'>ea</span> <span class='ocrx_word' id='word_1_235' title='bbox 1090 793 1139 817; x_wconf 76' lang='lat' dir='ltr'>loca,</span> 
     </span>
     <span class='ocr_line' id='line_1_20' title="bbox 204 825 1138 850; baseline 0 -7"><span class='ocrx_word' id='word_1_236' title='bbox 204 830 256 850; x_wconf 72' lang='lat' dir='ltr'>quae</span> <span class='ocrx_word' id='word_1_237' title='bbox 270 825 321 843; x_wconf 78' lang='lat' dir='ltr'>malo</span> <span class='ocrx_word' id='word_1_238' title='bbox 335 825 428 844; x_wconf 73' lang='lat' dir='ltr'>viciniora</span> <span class='ocrx_word' id='word_1_239' title='bbox 442 829 496 847; x_wconf 85' lang='lat' dir='ltr'>sunt,</span> <span class='ocrx_word' id='word_1_240' title='bbox 511 831 629 849; x_wconf 79' lang='lat' dir='ltr'>magnopere</span> <span class='ocrx_word' id='word_1_241' title='bbox 644 825 726 850; x_wconf 79' lang='lat' dir='ltr'>expedit.</span> <span class='ocrx_word' id='word_1_242' title='bbox 747 825 821 843; x_wconf 78' lang='lat' dir='ltr'>Deinde</span> <span class='ocrx_word' id='word_1_243' title='bbox 836 825 889 849; x_wconf 87' lang='lat' dir='ltr'>quod</span> <span class='ocrx_word' id='word_1_244' title='bbox 904 825 934 843; x_wconf 88' lang='lat' dir='ltr'>hic</span> <span class='ocrx_word' id='word_1_245' title='bbox 949 825 972 843; x_wconf 80' lang='lat' dir='ltr'>ad</span> <span class='ocrx_word' id='word_1_246' title='bbox 987 830 1054 843; x_wconf 88' lang='lat' dir='ltr'>omnes</span> <span class='ocrx_word' id='word_1_247' title='bbox 1068 830 1138 849; x_wconf 83' lang='lat' dir='ltr'>prope-</span> 
     </span>
     <span class='ocr_line' id='line_1_21' title="bbox 200 855 1139 880; baseline 0 -6"><span class='ocrx_word' id='word_1_248' title='bbox 200 856 289 875; x_wconf 63' lang='lat' dir='ltr'>&gt;modurn</span> <span class='ocrx_word' id='word_1_249' title='bbox 308 862 362 875; x_wconf 76' lang='lat' dir='ltr'>casus</span> <span class='ocrx_word' id='word_1_250' title='bbox 377 860 395 874; x_wconf 90' lang='lat' dir='ltr'>et</span> <span class='ocrx_word' id='word_1_251' title='bbox 412 860 491 875; x_wconf 87' lang='lat' dir='ltr'>eventus</span> <span class='ocrx_word' id='word_1_252' title='bbox 511 856 575 874; x_wconf 82' lang='lat' dir='ltr'>Caroli</span> <span class='ocrx_word' id='word_1_253' title='bbox 596 856 718 880; x_wconf 84' lang='lat' dir='ltr'>Imperatoris</span> <span class='ocrx_word' id='word_1_254' title='bbox 738 856 893 880; x_wconf 68' lang='lat' dir='ltr'>Fertiinandique</span> <span class='ocrx_word' id='word_1_255' title='bbox 914 856 972 880; x_wconf 85' lang='lat' dir='ltr'>Regis</span> <span class='ocrx_word' id='word_1_256' title='bbox 991 856 1086 874; x_wconf 76' lang='lat' dir='ltr'>vicinitate</span> <span class='ocrx_word' id='word_1_257' title='bbox 1106 855 1139 874; x_wconf 87' lang='lat' dir='ltr'>fiet</span> 
     </span>
     <span class='ocr_line' id='line_1_22' title="bbox 204 887 1139 912; baseline 0 -7"><span class='ocrx_word' id='word_1_258' title='bbox 204 887 228 906; x_wconf 90' lang='lat' dir='ltr'>V.</span> <span class='ocrx_word' id='word_1_259' title='bbox 244 887 294 906; x_wconf 79' lang='lat' dir='ltr'>Mtas</span> <span class='ocrx_word' id='word_1_260' title='bbox 308 888 401 911; x_wconf 76' lang='lat' dir='ltr'>paratior,</span> <span class='ocrx_word' id='word_1_261' title='bbox 416 887 448 911; x_wconf 87' lang='lat' dir='ltr'>qui</span> <span class='ocrx_word' id='word_1_262' title='bbox 463 893 524 912; x_wconf 88' lang='lat' dir='ltr'>quum</span> <span class='ocrx_word' id='word_1_263' title='bbox 538 888 558 905; x_wconf 89' lang='lat' dir='ltr'>in</span> <span class='ocrx_word' id='word_1_264' title='bbox 573 888 639 906; x_wconf 84' lang='lat' dir='ltr'>eadem</span> <span class='ocrx_word' id='word_1_265' title='bbox 653 887 767 912; x_wconf 76' lang='lat' dir='ltr'>jampridem</span> <span class='ocrx_word' id='word_1_266' title='bbox 780 887 816 912; x_wconf 83' lang='lat' dir='ltr'>ipsi</span> <span class='ocrx_word' id='word_1_267' title='bbox 828 888 866 906; x_wconf 87' lang='lat' dir='ltr'>sint</span> <span class='ocrx_word' id='word_1_268' title='bbox 880 888 930 909; x_wconf 77' lang='lat' dir='ltr'>navi,</span> <span class='ocrx_word' id='word_1_269' title='bbox 944 888 1039 905; x_wconf 86' lang='lat' dir='ltr'>curabunt</span> <span class='ocrx_word' id='word_1_270' title='bbox 1053 893 1139 912; x_wconf 82' lang='lat' dir='ltr'>quoque,</span> 
     </span>
     <span class='ocr_line' id='line_1_23' title="bbox 205 918 1138 943; baseline -0.001 -6"><span class='ocrx_word' id='word_1_271' title='bbox 205 924 230 937; x_wconf 79' lang='lat' dir='ltr'>ne</span> <span class='ocrx_word' id='word_1_272' title='bbox 245 918 302 942; x_wconf 81' lang='lat' dir='ltr'>talem</span> <span class='ocrx_word' id='word_1_273' title='bbox 322 922 379 943; x_wconf 80' lang='lat' dir='ltr'>atque</span> <span class='ocrx_word' id='word_1_274' title='bbox 394 922 468 937; x_wconf 75' lang='lat' dir='ltr'>tantum</span> <span class='ocrx_word' id='word_1_275' title='bbox 488 918 576 937; x_wconf 77' lang='lat' dir='ltr'>fortunae</span> <span class='ocrx_word' id='word_1_276' title='bbox 590 924 635 937; x_wconf 90' lang='lat' dir='ltr'>suae</span> <span class='ocrx_word' id='word_1_277' title='bbox 650 918 724 937; x_wconf 86' lang='lat' dir='ltr'>socium</span> <span class='ocrx_word' id='word_1_278' title='bbox 743 918 850 943; x_wconf 82' lang='lat' dir='ltr'>repudient.</span> <span class='ocrx_word' id='word_1_279' title='bbox 871 918 948 937; x_wconf 77' lang='lat' dir='ltr'>Interim</span> <span class='ocrx_word' id='word_1_280' title='bbox 963 922 1027 937; x_wconf 82' lang='lat' dir='ltr'>autem</span> <span class='ocrx_word' id='word_1_281' title='bbox 1046 918 1092 937; x_wconf 88' lang='lat' dir='ltr'>dum</span> <span class='ocrx_word' id='word_1_282' title='bbox 1107 924 1138 936; x_wconf 88' lang='lat' dir='ltr'>co-</span> 
     </span>
     <span class='ocr_line' id='line_1_24' title="bbox 178 949 1139 975; baseline -0.001 -7"><span class='ocrx_word' id='word_1_283' title='bbox 178 953 181 955; x_wconf 93' lang='grc'><em>“</em></span> <span class='ocrx_word' id='word_1_284' title='bbox 204 954 278 975; x_wconf 75' lang='lat' dir='ltr'>guntur</span> <span class='ocrx_word' id='word_1_285' title='bbox 293 949 377 968; x_wconf 83' lang='lat' dir='ltr'>Comitia</span> <span class='ocrx_word' id='word_1_286' title='bbox 392 954 410 968; x_wconf 85' lang='lat' dir='ltr'>et</span> <span class='ocrx_word' id='word_1_287' title='bbox 424 949 530 968; x_wconf 76' lang='lat' dir='ltr'>instituitur</span> <span class='ocrx_word' id='word_1_288' title='bbox 544 950 653 968; x_wconf 85' lang='lat' dir='ltr'>communis</span> <span class='ocrx_word' id='word_1_289' title='bbox 668 950 789 971; x_wconf 80' lang='lat' dir='ltr'>deliberatio.</span> <span class='ocrx_word' id='word_1_290' title='bbox 807 949 853 974; x_wconf 81' lang='lat' dir='ltr'>quid</span> <span class='ocrx_word' id='word_1_291' title='bbox 868 950 892 967; x_wconf 88' lang='lat' dir='ltr'>sit</span> <span class='ocrx_word' id='word_1_292' title='bbox 905 949 1010 973; x_wconf 73' lang='lat' dir='ltr'>agendum,</span> <span class='ocrx_word' id='word_1_293' title='bbox 1027 955 1084 974; x_wconf 87' lang='lat' dir='ltr'>quam</span> <span class='ocrx_word' id='word_1_294' title='bbox 1099 949 1139 968; x_wconf 91' lang='lat' dir='ltr'>vult</span> 
     </span>
     <span class='ocr_line' id='line_1_25' title="bbox 204 980 1138 1006; baseline -0.001 -7"><span class='ocrx_word' id='word_1_295' title='bbox 204 981 242 1000; x_wconf 70' lang='lat' dir='ltr'>tibi</span> <span class='ocrx_word' id='word_1_296' title='bbox 257 981 279 999; x_wconf 95' lang='lat' dir='ltr'>V.</span> <span class='ocrx_word' id='word_1_297' title='bbox 295 981 343 1000; x_wconf 89' lang='lat' dir='ltr'>Mtas</span> <span class='ocrx_word' id='word_1_298' title='bbox 357 981 456 1006; x_wconf 77' lang='lat' dir='ltr'>perscribi,</span> <span class='ocrx_word' id='word_1_299' title='bbox 470 985 514 999; x_wconf 79' lang='lat' dir='ltr'>ante</span> <span class='ocrx_word' id='word_1_300' title='bbox 528 981 593 999; x_wconf 83' lang='lat' dir='ltr'>omnia</span> <span class='ocrx_word' id='word_1_301' title='bbox 608 981 640 999; x_wconf 88' lang='lat' dir='ltr'>det</span> <span class='ocrx_word' id='word_1_302' title='bbox 655 987 741 1005; x_wconf 74' lang='lat' dir='ltr'>operam,</span> <span class='ocrx_word' id='word_1_303' title='bbox 756 985 776 999; x_wconf 89' lang='lat' dir='ltr'>ut</span> <span class='ocrx_word' id='word_1_304' title='bbox 791 980 892 999; x_wconf 76' lang='lat' dir='ltr'>Moschicis</span> <span class='ocrx_word' id='word_1_305' title='bbox 907 980 925 998; x_wconf 90' lang='lat' dir='ltr'>in</span> <span class='ocrx_word' id='word_1_306' title='bbox 941 980 1041 999; x_wconf 79' lang='lat' dir='ltr'>Lithuania</span> <span class='ocrx_word' id='word_1_307' title='bbox 1057 980 1138 1005; x_wconf 82' lang='lat' dir='ltr'>negotiis</span> 
     </span>
     <span class='ocr_line' id='line_1_26' title="bbox 205 1011 1139 1036; baseline 0 -6"><span class='ocrx_word' id='word_1_308' title='bbox 205 1011 299 1031; x_wconf 78' lang='lat' dir='ltr'>consectis</span> <span class='ocrx_word' id='word_1_309' title='bbox 313 1012 333 1030; x_wconf 91' lang='lat' dir='ltr'>in</span> <span class='ocrx_word' id='word_1_310' title='bbox 348 1012 449 1030; x_wconf 86' lang='lat' dir='ltr'>Poloniam</span> <span class='ocrx_word' id='word_1_311' title='bbox 465 1012 505 1036; x_wconf 89' lang='lat' dir='ltr'>ipsa</span> <span class='ocrx_word' id='word_1_312' title='bbox 519 1012 590 1034; x_wconf 76' lang='lat' dir='ltr'>veniat,</span> <span class='ocrx_word' id='word_1_313' title='bbox 609 1016 649 1030; x_wconf 91' lang='lat' dir='ltr'>tum</span> <span class='ocrx_word' id='word_1_314' title='bbox 663 1016 684 1030; x_wconf 88' lang='lat' dir='ltr'>ut</span> <span class='ocrx_word' id='word_1_315' title='bbox 698 1018 732 1036; x_wconf 84' lang='lat' dir='ltr'>per</span> <span class='ocrx_word' id='word_1_316' title='bbox 747 1012 835 1036; x_wconf 79' lang='lat' dir='ltr'>Regnum</span> <span class='ocrx_word' id='word_1_317' title='bbox 850 1018 906 1030; x_wconf 89' lang='lat' dir='ltr'>suum</span> <span class='ocrx_word' id='word_1_318' title='bbox 921 1018 968 1030; x_wconf 83' lang='lat' dir='ltr'>unas</span> <span class='ocrx_word' id='word_1_319' title='bbox 983 1018 1017 1036; x_wconf 86' lang='lat' dir='ltr'>pro</span> <span class='ocrx_word' id='word_1_320' title='bbox 1032 1011 1081 1030; x_wconf 89' lang='lat' dir='ltr'>binis</span> <span class='ocrx_word' id='word_1_321' title='bbox 1102 1012 1139 1030; x_wconf 85' lang='lat' dir='ltr'>Re-</span> 
     </span>
     <span class='ocr_line' id='line_1_27' title="bbox 204 1042 1139 1067; baseline 0 -6"><span class='ocrx_word' id='word_1_322' title='bbox 204 1043 265 1062; x_wconf 73' lang='lat' dir='ltr'>stium</span> <span class='ocrx_word' id='word_1_323' title='bbox 285 1042 349 1062; x_wconf 84' lang='lat' dir='ltr'>literas</span> <span class='ocrx_word' id='word_1_324' title='bbox 368 1043 440 1066; x_wconf 81' lang='lat' dir='ltr'>mittat,</span> <span class='ocrx_word' id='word_1_325' title='bbox 460 1043 592 1067; x_wconf 84' lang='lat' dir='ltr'>Senatumque</span> <span class='ocrx_word' id='word_1_326' title='bbox 612 1043 636 1061; x_wconf 83' lang='lat' dir='ltr'>ad</span> <span class='ocrx_word' id='word_1_327' title='bbox 650 1043 694 1061; x_wconf 89' lang='lat' dir='ltr'>belli</span> <span class='ocrx_word' id='word_1_328' title='bbox 709 1047 726 1061; x_wconf 86' lang='lat' dir='ltr'>et</span> <span class='ocrx_word' id='word_1_329' title='bbox 740 1047 842 1067; x_wconf 73' lang='lat' dir='ltr'>apparatus</span> <span class='ocrx_word' id='word_1_330' title='bbox 863 1043 1000 1067; x_wconf 79' lang='lat' dir='ltr'>cogitationem</span> <span class='ocrx_word' id='word_1_331' title='bbox 1019 1043 1107 1061; x_wconf 81' lang='lat' dir='ltr'>hortetur</span> <span class='ocrx_word' id='word_1_332' title='bbox 1121 1047 1139 1062; x_wconf 91' lang='lat' dir='ltr'>et</span> 
     </span>
     <span class='ocr_line' id='line_1_28' title="bbox 205 1073 1138 1099; baseline 0 -7"><span class='ocrx_word' id='word_1_333' title='bbox 205 1074 295 1096; x_wconf 74' lang='lat' dir='ltr'>ndducat,</span> <span class='ocrx_word' id='word_1_334' title='bbox 310 1078 408 1098; x_wconf 84' lang='lat' dir='ltr'>postremo</span> <span class='ocrx_word' id='word_1_335' title='bbox 422 1078 449 1096; x_wconf 81' lang='lat' dir='ltr'>ut,</span> <span class='ocrx_word' id='word_1_336' title='bbox 463 1074 478 1092; x_wconf 93' lang='lat' dir='ltr'>si</span> <span class='ocrx_word' id='word_1_337' title='bbox 492 1074 599 1097; x_wconf 83' lang='lat' dir='ltr'>videbitur,</span> <span class='ocrx_word' id='word_1_338' title='bbox 619 1074 763 1092; x_wconf 80' lang='lat' dir='ltr'>internuncium</span> <span class='ocrx_word' id='word_1_339' title='bbox 778 1074 861 1099; x_wconf 81' lang='lat' dir='ltr'>aliquem</span> <span class='ocrx_word' id='word_1_340' title='bbox 877 1074 900 1092; x_wconf 81' lang='lat' dir='ltr'>ad</span> <span class='ocrx_word' id='word_1_341' title='bbox 916 1074 1063 1092; x_wconf 81' lang='lat' dir='ltr'>Serenissimum</span> <span class='ocrx_word' id='word_1_342' title='bbox 1078 1073 1138 1092; x_wconf 77' lang='lat' dir='ltr'>Caro·</span> 
     </span>
     <span class='ocr_line' id='line_1_29' title="bbox 204 1105 1139 1130; baseline -0.001 -6"><span class='ocrx_word' id='word_1_343' title='bbox 204 1105 246 1124; x_wconf 84' lang='lat' dir='ltr'>lum</span> <span class='ocrx_word' id='word_1_344' title='bbox 261 1109 280 1124; x_wconf 83' lang='lat' dir='ltr'>et</span> <span class='ocrx_word' id='word_1_345' title='bbox 293 1105 437 1124; x_wconf 81' lang='lat' dir='ltr'>Ferdinandurn</span> <span class='ocrx_word' id='word_1_346' title='bbox 454 1105 519 1124; x_wconf 83' lang='lat' dir='ltr'>fratres</span> <span class='ocrx_word' id='word_1_347' title='bbox 534 1106 582 1124; x_wconf 79' lang='lat' dir='ltr'>elam</span> <span class='ocrx_word' id='word_1_348' title='bbox 597 1105 692 1130; x_wconf 80' lang='lat' dir='ltr'>designet,</span> <span class='ocrx_word' id='word_1_349' title='bbox 710 1105 743 1130; x_wconf 91' lang='lat' dir='ltr'>qui</span> <span class='ocrx_word' id='word_1_350' title='bbox 764 1105 851 1124; x_wconf 78' lang='lat' dir='ltr'>exhibitis</span> <span class='ocrx_word' id='word_1_351' title='bbox 870 1105 914 1124; x_wconf 83' lang='lat' dir='ltr'>fidei</span> <span class='ocrx_word' id='word_1_352' title='bbox 933 1105 992 1124; x_wconf 87' lang='lat' dir='ltr'>literis</span> <span class='ocrx_word' id='word_1_353' title='bbox 1009 1105 1139 1130; x_wconf 83' lang='lat' dir='ltr'>expositisque</span> 
     </span>
     <span class='ocr_line' id='line_1_30' title="bbox 205 1136 1139 1161; baseline 0 -6"><span class='ocrx_word' id='word_1_354' title='bbox 205 1136 283 1155; x_wconf 75' lang='lat' dir='ltr'>Turcne</span> <span class='ocrx_word' id='word_1_355' title='bbox 302 1136 430 1158; x_wconf 79' lang='lat' dir='ltr'>successibus,</span> <span class='ocrx_word' id='word_1_356' title='bbox 450 1136 519 1155; x_wconf 81' lang='lat' dir='ltr'>talibus</span> <span class='ocrx_word' id='word_1_357' title='bbox 532 1141 589 1161; x_wconf 80' lang='lat' dir='ltr'>atque</span> <span class='ocrx_word' id='word_1_358' title='bbox 609 1137 674 1159; x_wconf 85' lang='lat' dir='ltr'>tantis,</span> <span class='ocrx_word' id='word_1_359' title='bbox 692 1140 713 1155; x_wconf 96' lang='lat' dir='ltr'>ut</span> <span class='ocrx_word' id='word_1_360' title='bbox 727 1137 757 1155; x_wconf 81' lang='lat' dir='ltr'>vix</span> <span class='ocrx_word' id='word_1_361' title='bbox 772 1137 828 1155; x_wconf 88' lang='lat' dir='ltr'>unius</span> <span class='ocrx_word' id='word_1_362' title='bbox 846 1140 903 1161; x_wconf 82' lang='lat' dir='ltr'>atque</span> <span class='ocrx_word' id='word_1_363' title='bbox 916 1136 994 1155; x_wconf 75' lang='lat' dir='ltr'>alterius</span> <span class='ocrx_word' id='word_1_364' title='bbox 1015 1136 1071 1161; x_wconf 70' lang='lat' dir='ltr'>Regis</span> <span class='ocrx_word' id='word_1_365' title='bbox 1090 1136 1139 1155; x_wconf 89' lang='lat' dir='ltr'>chri-</span> 
     </span>
     <span class='ocr_line' id='line_1_31' title="bbox 204 1167 1138 1191; baseline 0.001 -6"><span class='ocrx_word' id='word_1_366' title='bbox 204 1167 262 1186; x_wconf 71' lang='lat' dir='ltr'>stiani</span> <span class='ocrx_word' id='word_1_367' title='bbox 277 1167 348 1186; x_wconf 85' lang='lat' dir='ltr'>viribus</span> <span class='ocrx_word' id='word_1_368' title='bbox 362 1167 451 1186; x_wconf 82' lang='lat' dir='ltr'>sustineri</span> <span class='ocrx_word' id='word_1_369' title='bbox 467 1167 546 1191; x_wconf 78' lang='lat' dir='ltr'>possint,</span> <span class='ocrx_word' id='word_1_370' title='bbox 560 1172 710 1186; x_wconf 72' lang='lat' dir='ltr'>commemorata</span> <span class='ocrx_word' id='word_1_371' title='bbox 725 1168 770 1186; x_wconf 89' lang='lat' dir='ltr'>item</span> <span class='ocrx_word' id='word_1_372' title='bbox 785 1168 849 1186; x_wconf 81' lang='lat' dir='ltr'>Mtatis</span> <span class='ocrx_word' id='word_1_373' title='bbox 861 1167 883 1186; x_wconf 89' lang='lat' dir='ltr'>V.</span> <span class='ocrx_word' id='word_1_374' title='bbox 895 1171 914 1186; x_wconf 87' lang='lat' dir='ltr'>et</span> <span class='ocrx_word' id='word_1_375' title='bbox 928 1168 946 1186; x_wconf 93' lang='lat' dir='ltr'>in</span> <span class='ocrx_word' id='word_1_376' title='bbox 962 1173 1001 1186; x_wconf 88' lang='lat' dir='ltr'>rem</span> <span class='ocrx_word' id='word_1_377' title='bbox 1017 1168 1138 1186; x_wconf 75' lang='lat' dir='ltr'>christianam</span> 
     </span>
     <span class='ocr_line' id='line_1_32' title="bbox 204 1198 1138 1223; baseline 0.001 -7"><span class='ocrx_word' id='word_1_378' title='bbox 204 1198 276 1223; x_wconf 81' lang='lat' dir='ltr'>pietate</span> <span class='ocrx_word' id='word_1_379' title='bbox 290 1202 308 1216; x_wconf 88' lang='lat' dir='ltr'>et</span> <span class='ocrx_word' id='word_1_380' title='bbox 323 1198 341 1216; x_wconf 89' lang='lat' dir='ltr'>in</span> <span class='ocrx_word' id='word_1_381' title='bbox 356 1198 424 1216; x_wconf 80' lang='lat' dir='ltr'>ambos</span> <span class='ocrx_word' id='word_1_382' title='bbox 439 1198 481 1217; x_wconf 88' lang='lat' dir='ltr'>illos</span> <span class='ocrx_word' id='word_1_383' title='bbox 495 1198 593 1223; x_wconf 79' lang='lat' dir='ltr'>Principes</span> <span class='ocrx_word' id='word_1_384' title='bbox 607 1199 737 1221; x_wconf 77' lang='lat' dir='ltr'>observantia,</span> <span class='ocrx_word' id='word_1_385' title='bbox 752 1198 852 1223; x_wconf 76' lang='lat' dir='ltr'>significet,</span> <span class='ocrx_word' id='word_1_386' title='bbox 865 1198 887 1217; x_wconf 79' lang='lat' dir='ltr'>V.</span> <span class='ocrx_word' id='word_1_387' title='bbox 902 1199 981 1217; x_wconf 86' lang='lat' dir='ltr'>Mtatem</span> <span class='ocrx_word' id='word_1_388' title='bbox 995 1198 1010 1217; x_wconf 89' lang='lat' dir='ltr'>si</span> <span class='ocrx_word' id='word_1_389' title='bbox 1025 1204 1084 1223; x_wconf 85' lang='lat' dir='ltr'>porro</span> <span class='ocrx_word' id='word_1_390' title='bbox 1099 1203 1138 1217; x_wconf 78' lang='lat' dir='ltr'>tam</span> 
     </span>
     <span class='ocr_line' id='line_1_33' title="bbox 205 1229 1139 1254; baseline 0.001 -7"><span class='ocrx_word' id='word_1_391' title='bbox 205 1229 300 1248; x_wconf 85' lang='lat' dir='ltr'>mobilem</span> <span class='ocrx_word' id='word_1_392' title='bbox 315 1229 334 1247; x_wconf 90' lang='lat' dir='ltr'>in</span> <span class='ocrx_word' id='word_1_393' title='bbox 349 1229 392 1248; x_wconf 86' lang='lat' dir='ltr'>illos</span> <span class='ocrx_word' id='word_1_394' title='bbox 411 1229 497 1248; x_wconf 79' lang='lat' dir='ltr'>animum</span> <span class='ocrx_word' id='word_1_395' title='bbox 517 1229 598 1248; x_wconf 75' lang='lat' dir='ltr'>Turca”</span> <span class='ocrx_word' id='word_1_396' title='bbox 619 1236 664 1254; x_wconf 79' lang='lat' dir='ltr'>prae</span> <span class='ocrx_word' id='word_1_397' title='bbox 676 1236 695 1248; x_wconf 89' lang='lat' dir='ltr'>se</span> <span class='ocrx_word' id='word_1_398' title='bbox 715 1230 788 1252; x_wconf 88' lang='lat' dir='ltr'>tulerit,</span> <span class='ocrx_word' id='word_1_399' title='bbox 808 1236 859 1248; x_wconf 77' lang='lat' dir='ltr'>arma</span> <span class='ocrx_word' id='word_1_400' title='bbox 875 1236 908 1248; x_wconf 78' lang='lat' dir='ltr'>sua</span> <span class='ocrx_word' id='word_1_401' title='bbox 928 1230 1018 1248; x_wconf 81' lang='lat' dir='ltr'>adversus</span> <span class='ocrx_word' id='word_1_402' title='bbox 1040 1230 1139 1248; x_wconf 87' lang='lat' dir='ltr'>hominem</span> 
     </span>
     <span class='ocr_line' id='line_1_34' title="bbox 205 1260 1139 1285; baseline 0.001 -6"><span class='ocrx_word' id='word_1_403' title='bbox 205 1266 251 1279; x_wconf 89' lang='lat' dir='ltr'>cum</span> <span class='ocrx_word' id='word_1_404' title='bbox 266 1260 313 1285; x_wconf 79' lang='lat' dir='ltr'>ipsis</span> <span class='ocrx_word' id='word_1_405' title='bbox 327 1261 482 1285; x_wconf 79' lang='lat' dir='ltr'>conjuncturam,</span> <span class='ocrx_word' id='word_1_406' title='bbox 501 1261 583 1285; x_wconf 83' lang='lat' dir='ltr'>bellique</span> <span class='ocrx_word' id='word_1_407' title='bbox 597 1261 669 1279; x_wconf 87' lang='lat' dir='ltr'>socium</span> <span class='ocrx_word' id='word_1_408' title='bbox 685 1261 776 1279; x_wconf 79' lang='lat' dir='ltr'>futuram.</span> <span class='ocrx_word' id='word_1_409' title='bbox 796 1260 834 1279; x_wconf 86' lang='lat' dir='ltr'>Sed</span> <span class='ocrx_word' id='word_1_410' title='bbox 849 1261 905 1283; x_wconf 86' lang='lat' dir='ltr'>haec,</span> <span class='ocrx_word' id='word_1_411' title='bbox 920 1261 968 1279; x_wconf 87' lang='lat' dir='ltr'>sicut</span> <span class='ocrx_word' id='word_1_412' title='bbox 982 1261 1029 1283; x_wconf 80' lang='lat' dir='ltr'>dixi,</span> <span class='ocrx_word' id='word_1_413' title='bbox 1044 1265 1109 1284; x_wconf 85' lang='lat' dir='ltr'>sunto,</span> <span class='ocrx_word' id='word_1_414' title='bbox 1124 1262 1139 1280; x_wconf 86' lang='lat' dir='ltr'>si</span> 
     </span>
     <span class='ocr_line' id='line_1_35' title="bbox 205 1291 1139 1316; baseline 0.001 -6"><span class='ocrx_word' id='word_1_415' title='bbox 205 1291 324 1310; x_wconf 76' lang='lat' dir='ltr'>videbuntur</span> <span class='ocrx_word' id='word_1_416' title='bbox 338 1295 356 1310; x_wconf 87' lang='lat' dir='ltr'>et</span> <span class='ocrx_word' id='word_1_417' title='bbox 368 1291 389 1310; x_wconf 92' lang='lat' dir='ltr'>V.</span> <span class='ocrx_word' id='word_1_418' title='bbox 402 1292 457 1310; x_wconf 80' lang='lat' dir='ltr'>Mtati</span> <span class='ocrx_word' id='word_1_419' title='bbox 470 1296 488 1310; x_wconf 84' lang='lat' dir='ltr'>et</span> <span class='ocrx_word' id='word_1_420' title='bbox 500 1292 528 1315; x_wconf 90' lang='lat' dir='ltr'>iis,</span> <span class='ocrx_word' id='word_1_421' title='bbox 544 1292 576 1316; x_wconf 85' lang='lat' dir='ltr'>qui</span> <span class='ocrx_word' id='word_1_422' title='bbox 589 1298 632 1310; x_wconf 88' lang='lat' dir='ltr'>cum</span> <span class='ocrx_word' id='word_1_423' title='bbox 647 1292 678 1310; x_wconf 77' lang='lat' dir='ltr'>illa</span> <span class='ocrx_word' id='word_1_424' title='bbox 689 1296 739 1315; x_wconf 81' lang='lat' dir='ltr'>sunt,</span> <span class='ocrx_word' id='word_1_425' title='bbox 751 1291 875 1314; x_wconf 80' lang='lat' dir='ltr'>Consiliariis,</span> <span class='ocrx_word' id='word_1_426' title='bbox 891 1292 923 1316; x_wconf 91' lang='lat' dir='ltr'>qui</span> <span class='ocrx_word' id='word_1_427' title='bbox 938 1292 972 1310; x_wconf 88' lang='lat' dir='ltr'>etsi</span> <span class='ocrx_word' id='word_1_428' title='bbox 987 1298 1068 1311; x_wconf 84' lang='lat' dir='ltr'>numero</span> <span class='ocrx_word' id='word_1_429' title='bbox 1083 1292 1139 1316; x_wconf 78' lang='lat' dir='ltr'>pauci</span> 
     </span>
     <span class='ocr_line' id='line_1_36' title="bbox 205 1323 1139 1348; baseline 0 -7"><span class='ocrx_word' id='word_1_430' title='bbox 205 1327 263 1346; x_wconf 78' lang='lat' dir='ltr'>sunt,</span> <span class='ocrx_word' id='word_1_431' title='bbox 277 1326 340 1341; x_wconf 71' lang='lat' dir='ltr'>tamen</span> <span class='ocrx_word' id='word_1_432' title='bbox 355 1329 429 1341; x_wconf 73' lang='lat' dir='ltr'>summe</span> <span class='ocrx_word' id='word_1_433' title='bbox 443 1327 487 1341; x_wconf 87' lang='lat' dir='ltr'>sunt</span> <span class='ocrx_word' id='word_1_434' title='bbox 506 1323 607 1347; x_wconf 86' lang='lat' dir='ltr'>prudentia</span> <span class='ocrx_word' id='word_1_435' title='bbox 628 1329 736 1348; x_wconf 78' lang='lat' dir='ltr'>magnoque</span> <span class='ocrx_word' id='word_1_436' title='bbox 752 1329 815 1341; x_wconf 88' lang='lat' dir='ltr'>rerum</span> <span class='ocrx_word' id='word_1_437' title='bbox 831 1329 865 1341; x_wconf 92' lang='lat' dir='ltr'>usu</span> <span class='ocrx_word' id='word_1_438' title='bbox 880 1323 967 1347; x_wconf 82' lang='lat' dir='ltr'>praediti.</span> <span class='ocrx_word' id='word_1_439' title='bbox 981 1323 1023 1348; x_wconf 86' lang='lat' dir='ltr'>Ego</span> <span class='ocrx_word' id='word_1_440' title='bbox 1039 1323 1085 1342; x_wconf 88' lang='lat' dir='ltr'>nihil</span> <span class='ocrx_word' id='word_1_441' title='bbox 1100 1330 1139 1342; x_wconf 81' lang='lat' dir='ltr'>ma-</span> 
     </span>
     <span class='ocr_line' id='line_1_37' title="bbox 204 1354 1139 1380; baseline 0.002 -8"><span class='ocrx_word' id='word_1_442' title='bbox 204 1354 235 1379; x_wconf 78' lang='lat' dir='ltr'>gis</span> <span class='ocrx_word' id='word_1_443' title='bbox 249 1358 305 1378; x_wconf 88' lang='lat' dir='ltr'>puto,</span> <span class='ocrx_word' id='word_1_444' title='bbox 320 1360 367 1379; x_wconf 83' lang='lat' dir='ltr'>ago,</span> <span class='ocrx_word' id='word_1_445' title='bbox 382 1360 462 1377; x_wconf 70' lang='lat' dir='ltr'>censeo,</span> <span class='ocrx_word' id='word_1_446' title='bbox 477 1360 535 1379; x_wconf 83' lang='lat' dir='ltr'>quam</span> <span class='ocrx_word' id='word_1_447' title='bbox 549 1358 570 1373; x_wconf 89' lang='lat' dir='ltr'>ut</span> <span class='ocrx_word' id='word_1_448' title='bbox 584 1354 675 1379; x_wconf 84' lang='lat' dir='ltr'>Legatus,</span> <span class='ocrx_word' id='word_1_449' title='bbox 693 1355 725 1379; x_wconf 90' lang='lat' dir='ltr'>qui</span> <span class='ocrx_word' id='word_1_450' title='bbox 740 1355 763 1373; x_wconf 86' lang='lat' dir='ltr'>de</span> <span class='ocrx_word' id='word_1_451' title='bbox 778 1354 854 1373; x_wconf 81' lang='lat' dir='ltr'>foedere</span> <span class='ocrx_word' id='word_1_452' title='bbox 869 1355 904 1373; x_wconf 81' lang='lat' dir='ltr'>iter</span> <span class='ocrx_word' id='word_1_453' title='bbox 918 1354 1025 1373; x_wconf 85' lang='lat' dir='ltr'>institutum</span> <span class='ocrx_word' id='word_1_454' title='bbox 1045 1355 1139 1380; x_wconf 71' lang='lat' dir='ltr'>repressit,</span> 
     </span>
     <span class='ocr_line' id='line_1_38' title="bbox 204 1384 1141 1410; baseline 0.001 -7"><span class='ocrx_word' id='word_1_455' title='bbox 204 1384 302 1410; x_wconf 82' lang='lat' dir='ltr'>perficiat,</span> <span class='ocrx_word' id='word_1_456' title='bbox 317 1385 335 1403; x_wconf 92' lang='lat' dir='ltr'>in</span> <span class='ocrx_word' id='word_1_457' title='bbox 350 1384 386 1403; x_wconf 89' lang='lat' dir='ltr'>hoc</span> <span class='ocrx_word' id='word_1_458' title='bbox 400 1385 447 1403; x_wconf 90' lang='lat' dir='ltr'>mihi</span> <span class='ocrx_word' id='word_1_459' title='bbox 468 1389 508 1404; x_wconf 80' lang='lat' dir='ltr'>tota</span> <span class='ocrx_word' id='word_1_460' title='bbox 522 1385 550 1404; x_wconf 85' lang='lat' dir='ltr'>vis</span> <span class='ocrx_word' id='word_1_461' title='bbox 564 1391 661 1410; x_wconf 87' lang='lat' dir='ltr'>omneque</span> <span class='ocrx_word' id='word_1_462' title='bbox 681 1390 803 1404; x_wconf 89' lang='lat' dir='ltr'>momentum</span> <span class='ocrx_word' id='word_1_463' title='bbox 822 1386 897 1404; x_wconf 83' lang='lat' dir='ltr'>videtur</span> <span class='ocrx_word' id='word_1_464' title='bbox 911 1392 952 1404; x_wconf 89' lang='lat' dir='ltr'>esse</span> <span class='ocrx_word' id='word_1_465' title='bbox 966 1386 1100 1409; x_wconf 85' lang='lat' dir='ltr'>constitutum,</span> <span class='ocrx_word' id='word_1_466' title='bbox 1120 1390 1141 1405; x_wconf 89' lang='lat' dir='ltr'>ut</span> 
     </span>
     <span class='ocr_line' id='line_1_39' title="bbox 202 1415 1139 1441; baseline 0.002 -7"><span class='ocrx_word' id='word_1_467' title='bbox 202 1416 264 1441; x_wconf 73' lang='lat' dir='ltr'>plane</span> <span class='ocrx_word' id='word_1_468' title='bbox 278 1415 314 1434; x_wconf 85' lang='lat' dir='ltr'>nisi</span> <span class='ocrx_word' id='word_1_469' title='bbox 326 1416 345 1434; x_wconf 83' lang='lat' dir='ltr'>id</span> <span class='ocrx_word' id='word_1_470' title='bbox 357 1415 396 1438; x_wconf 75' lang='lat' dir='ltr'>liat,</span> <span class='ocrx_word' id='word_1_471' title='bbox 412 1416 441 1434; x_wconf 85' lang='lat' dir='ltr'>vix</span> <span class='ocrx_word' id='word_1_472' title='bbox 454 1422 539 1440; x_wconf 81' lang='lat' dir='ltr'>unquam</span> <span class='ocrx_word' id='word_1_473' title='bbox 554 1421 620 1441; x_wconf 75' lang='lat' dir='ltr'>postea</span> <span class='ocrx_word' id='word_1_474' title='bbox 635 1416 682 1435; x_wconf 89' lang='lat' dir='ltr'>fides</span> <span class='ocrx_word' id='word_1_475' title='bbox 696 1417 747 1441; x_wconf 85' lang='lat' dir='ltr'>apud</span> <span class='ocrx_word' id='word_1_476' title='bbox 761 1416 845 1435; x_wconf 87' lang='lat' dir='ltr'>Turcam</span> <span class='ocrx_word' id='word_1_477' title='bbox 861 1417 918 1435; x_wconf 83' lang='lat' dir='ltr'>fuerit</span> <span class='ocrx_word' id='word_1_478' title='bbox 932 1417 1003 1441; x_wconf 81' lang='lat' dir='ltr'>Legato</span> <span class='ocrx_word' id='word_1_479' title='bbox 1015 1417 1029 1429; x_wconf 78' lang='lat'>¹⁰</span> <span class='ocrx_word' id='word_1_480' title='bbox 1041 1417 1063 1435; x_wconf 93' lang='lat' dir='ltr'>V.</span> <span class='ocrx_word' id='word_1_481' title='bbox 1076 1417 1139 1436; x_wconf 82' lang='lat' dir='ltr'>Mtatis</span> 
     </span>
     <span class='ocr_line' id='line_1_40' title="bbox 202 1446 1139 1473; baseline 0.002 -8"><span class='ocrx_word' id='word_1_482' title='bbox 202 1448 229 1466; x_wconf 82' lang='lat' dir='ltr'>de</span> <span class='ocrx_word' id='word_1_483' title='bbox 244 1446 322 1465; x_wconf 80' lang='lat' dir='ltr'>foedere</span> <span class='ocrx_word' id='word_1_484' title='bbox 336 1447 399 1472; x_wconf 74' lang='lat' dir='ltr'>agenti</span> <span class='ocrx_word' id='word_1_485' title='bbox 411 1448 431 1466; x_wconf 74' lang='grc' dir='ltr'>Η.</span> <span class='ocrx_word' id='word_1_486' title='bbox 451 1448 509 1466; x_wconf 82' lang='lat' dir='ltr'>Posse</span> <span class='ocrx_word' id='word_1_487' title='bbox 524 1452 587 1466; x_wconf 81' lang='lat' dir='ltr'>autem</span> <span class='ocrx_word' id='word_1_488' title='bbox 604 1454 654 1466; x_wconf 91' lang='lat' dir='ltr'>nunc</span> <span class='ocrx_word' id='word_1_489' title='bbox 670 1448 762 1472; x_wconf 83' lang='lat' dir='ltr'>Legatum</span> <span class='ocrx_word' id='word_1_490' title='bbox 777 1452 819 1466; x_wconf 88' lang='lat' dir='ltr'>tuto</span> <span class='ocrx_word' id='word_1_491' title='bbox 834 1448 937 1472; x_wconf 84' lang='lat' dir='ltr'>proficisci,</span> <span class='ocrx_word' id='word_1_492' title='bbox 957 1448 1004 1467; x_wconf 92' lang='lat' dir='ltr'>illud</span> <span class='ocrx_word' id='word_1_493' title='bbox 1019 1448 1071 1471; x_wconf 76' lang='lat' dir='ltr'>facit,</span> <span class='ocrx_word' id='word_1_494' title='bbox 1086 1449 1139 1473; x_wconf 85' lang='lat' dir='ltr'>quod</span> 
     </span>
     <span class='ocr_line' id='line_1_41' title="bbox 202 1478 1139 1503; baseline 0.002 -7"><span class='ocrx_word' id='word_1_495' title='bbox 202 1478 272 1497; x_wconf 82' lang='lat' dir='ltr'>Turca</span> <span class='ocrx_word' id='word_1_496' title='bbox 287 1484 310 1496; x_wconf 82' lang='lat' dir='ltr'>ex</span> <span class='ocrx_word' id='word_1_497' title='bbox 323 1478 364 1503; x_wconf 84' lang='lat' dir='ltr'>ejus</span> <span class='ocrx_word' id='word_1_498' title='bbox 378 1479 441 1497; x_wconf 87' lang='lat' dir='ltr'>verbis</span> <span class='ocrx_word' id='word_1_499' title='bbox 455 1479 511 1503; x_wconf 76' lang='lat' dir='ltr'>plane</span> <span class='ocrx_word' id='word_1_500' title='bbox 526 1479 632 1503; x_wconf 79' lang='lat' dir='ltr'>perspiciet,</span> <span class='ocrx_word' id='word_1_501' title='bbox 647 1479 752 1497; x_wconf 84' lang='lat' dir='ltr'>tumultum</span> <span class='ocrx_word' id='word_1_502' title='bbox 766 1479 817 1498; x_wconf 87' lang='lat' dir='ltr'>hunc</span> <span class='ocrx_word' id='word_1_503' title='bbox 831 1479 850 1498; x_wconf 90' lang='lat' dir='ltr'>in</span> <span class='ocrx_word' id='word_1_504' title='bbox 866 1479 954 1498; x_wconf 81' lang='lat' dir='ltr'>Valachia</span> <span class='ocrx_word' id='word_1_505' title='bbox 969 1479 1028 1498; x_wconf 80' lang='lat' dir='ltr'>inscia</span> <span class='ocrx_word' id='word_1_506' title='bbox 1042 1479 1064 1498; x_wconf 88' lang='lat' dir='ltr'>V.</span> <span class='ocrx_word' id='word_1_507' title='bbox 1080 1480 1139 1498; x_wconf 76' lang='lat' dir='ltr'>Mtate</span> 
     </span>
    </p>
   </div>
   <div class='ocr_carea' id='block_1_3' title="bbox 269 1567 881 1588">
    <p class='ocr_par' dir='ltr' id='par_1_3' title="bbox 269 1567 881 1588">
     <span class='ocr_line' id='line_1_42' title="bbox 269 1567 881 1588; baseline 0.002 -7"><span class='ocrx_word' id='word_1_508' title='bbox 269 1571 311 1585; x_wconf 76' lang='lat' dir='ltr'>„non</span> <span class='ocrx_word' id='word_1_509' title='bbox 323 1567 387 1584; x_wconf 71' lang='lat' dir='ltr'>miserit.</span> <span class='ocrx_word' id='word_1_510' title='bbox 399 1567 423 1582; x_wconf 76' lang='lat' dir='ltr'>vel</span> <span class='ocrx_word' id='word_1_511' title='bbox 435 1567 489 1587; x_wconf 83' lang='lat' dir='ltr'>potius</span> <span class='ocrx_word' id='word_1_512' title='bbox 501 1572 519 1582; x_wconf 82' lang='lat' dir='ltr'>ex</span> <span class='ocrx_word' id='word_1_513' title='bbox 531 1567 583 1582; x_wconf 77' lang='lat' dir='ltr'>medio</span> <span class='ocrx_word' id='word_1_514' title='bbox 595 1567 649 1583; x_wconf 75' lang='lat' dir='ltr'>itinere</span> <span class='ocrx_word' id='word_1_515' title='bbox 661 1567 742 1585; x_wconf 74' lang='lat' dir='ltr'>revocarit,</span> <span class='ocrx_word' id='word_1_516' title='bbox 755 1567 810 1582; x_wconf 75' lang='lat' dir='ltr'>deinde</span> <span class='ocrx_word' id='word_1_517' title='bbox 822 1568 881 1588; x_wconf 56' lang='lat' dir='ltr'>quotlfl.</span> 
     </span>
    </p>
   </div>
   <div class='ocr_carea' id='block_1_4' title="bbox 268 1592 1000 1666">
    <p class='ocr_par' dir='ltr' id='par_1_4' title="bbox 268 1592 1000 1666">
     <span class='ocr_line' id='line_1_43' title="bbox 269 1592 637 1613; baseline 0.003 -6"><span class='ocrx_word' id='word_1_518' title='bbox 269 1592 302 1608; x_wconf 78' lang='lat' dir='ltr'>Sic!</span> <span class='ocrx_word' id='word_1_519' title='bbox 316 1592 420 1613; x_wconf 69' lang='lat' dir='ltr'>„imperatis¹‘.</span> <span class='ocrx_word' id='word_1_520' title='bbox 485 1593 492 1604; x_wconf 77' lang='lat'>⁵</span> <span class='ocrx_word' id='word_1_521' title='bbox 507 1593 637 1613; x_wconf 74' lang='lat' dir='ltr'>„prospicimus¹·.</span> 
     </span>
     <span class='ocr_line' id='line_1_44' title="bbox 269 1618 916 1639; baseline 0.002 -6"><span class='ocrx_word' id='word_1_522' title='bbox 269 1618 304 1634; x_wconf 89' lang='lat' dir='ltr'>Sic!</span> <span class='ocrx_word' id='word_1_523' title='bbox 317 1622 344 1637; x_wconf 78' lang='grc' dir='ltr'><strong>,ιιι</strong></span> <span class='ocrx_word' id='word_1_524' title='bbox 355 1619 374 1634; x_wconf 78' lang='lat' dir='ltr'>de</span> <span class='ocrx_word' id='word_1_525' title='bbox 386 1619 494 1639; x_wconf 70' lang='lat' dir='ltr'>propulsando</span> <span class='ocrx_word' id='word_1_526' title='bbox 505 1619 585 1634; x_wconf 85' lang='lat' dir='ltr'>communi</span> <span class='ocrx_word' id='word_1_527' title='bbox 598 1619 673 1639; x_wconf 82' lang='lat' dir='ltr'>periculo,</span> <span class='ocrx_word' id='word_1_528' title='bbox 685 1619 765 1634; x_wconf 79' lang='lat' dir='ltr'>communi</span> <span class='ocrx_word' id='word_1_529' title='bbox 777 1619 823 1634; x_wconf 72' lang='lat' dir='ltr'>etiam</span> <span class='ocrx_word' id='word_1_530' title='bbox 835 1620 916 1635; x_wconf 48' lang='lat' dir='ltr'>consilio&amp;</span> 
     </span>
     <span class='ocr_line' id='line_1_45' title="bbox 268 1644 1000 1666; baseline 0.001 -6"><span class='ocrx_word' id='word_1_531' title='bbox 268 1645 279 1660; x_wconf 88' lang='lat'><strong>6</strong></span> <span class='ocrx_word' id='word_1_532' title='bbox 290 1644 359 1660; x_wconf 70' lang='lat' dir='ltr'>Junuarii</span> <span class='ocrx_word' id='word_1_533' title='bbox 373 1645 416 1660; x_wconf 77' lang='lat'>1553.</span> <span class='ocrx_word' id='word_1_534' title='bbox 479 1645 486 1655; x_wconf 79' lang='lat'><strong>⁰</strong></span> <span class='ocrx_word' id='word_1_535' title='bbox 501 1645 576 1663; x_wconf 71' lang='lat' dir='ltr'>„ubivis“.</span> <span class='ocrx_word' id='word_1_536' title='bbox 641 1645 647 1655; x_wconf 82' lang='lat'>‘¹</span> <span class='ocrx_word' id='word_1_537' title='bbox 662 1645 752 1660; x_wconf 74' lang='lat' dir='ltr'>Kamieniec</span> <span class='ocrx_word' id='word_1_538' title='bbox 764 1645 842 1665; x_wconf 73' lang='lat' dir='ltr'>podulski.</span> <span class='ocrx_word' id='word_1_539' title='bbox 906 1646 913 1656; x_wconf 63' lang='grc' dir='ltr'><strong>ὃ</strong></span> <span class='ocrx_word' id='word_1_540' title='bbox 928 1647 1000 1666; x_wconf 71' lang='lat' dir='ltr'>„quam“.</span> 
     </span>
    </p>
   </div>
   <div class='ocr_carea' id='block_1_5' title="bbox 236 1567 246 1709">
    <p class='ocr_par' dir='ltr' id='par_1_5' title="bbox 236 1567 246 1709">
     <span class='ocr_line' id='line_1_46' title="bbox 236 1567 246 1709; textangle 90"><span class='ocrx_word' id='word_1_541' title='bbox 236 1567 246 1709; x_wconf 50' lang='grc' dir='ltr'>ουν-αι·-</span> 
     </span>
    </p>
   </div>
   <div class='ocr_carea' id='block_1_6' title="bbox 268 1670 765 1717">
    <p class='ocr_par' dir='ltr' id='par_1_6' title="bbox 268 1670 765 1717">
     <span class='ocr_line' id='line_1_47' title="bbox 268 1670 765 1691; baseline 0 -5"><span class='ocrx_word' id='word_1_542' title='bbox 268 1670 303 1686; x_wconf 78' lang='lat' dir='ltr'>Sic!</span> <span class='ocrx_word' id='word_1_543' title='bbox 316 1670 338 1689; x_wconf 71' lang='lat' dir='ltr'>„ui</span> <span class='ocrx_word' id='word_1_544' title='bbox 349 1675 398 1691; x_wconf 83' lang='lat' dir='ltr'>porro</span> <span class='ocrx_word' id='word_1_545' title='bbox 409 1671 424 1686; x_wconf 86' lang='lat' dir='ltr'>in</span> <span class='ocrx_word' id='word_1_546' title='bbox 436 1671 472 1686; x_wconf 77' lang='lat' dir='ltr'>illos</span> <span class='ocrx_word' id='word_1_547' title='bbox 484 1674 515 1686; x_wconf 75' lang='lat' dir='ltr'>tam</span> <span class='ocrx_word' id='word_1_548' title='bbox 528 1671 601 1686; x_wconf 77' lang='lat' dir='ltr'>infestum</span> <span class='ocrx_word' id='word_1_549' title='bbox 614 1671 683 1686; x_wconf 79' lang='lat' dir='ltr'>mimum</span> <span class='ocrx_word' id='word_1_550' title='bbox 698 1671 765 1687; x_wconf 72' lang='lat' dir='ltr'>Turca“.</span> 
     </span>
     <span class='ocr_line' id='line_1_48' title="bbox 270 1697 558 1717; baseline 0 -5"><span class='ocrx_word' id='word_1_551' title='bbox 270 1697 360 1717; x_wconf 59' lang='lat' dir='ltr'>„ng-tw.</span> <span class='ocrx_word' id='word_1_552' title='bbox 425 1697 436 1707; x_wconf 86' lang='lat'>¹¹</span> <span class='ocrx_word' id='word_1_553' title='bbox 452 1697 558 1717; x_wconf 42' lang='lat' dir='ltr'>agentibus&amp;</span> 
     </span>
    </p>
   </div>
  </div>
 </body>
</html>
