1465 2093
508 211 647 225 EPISTOLARUM
661 212 724 230 ianm,
738 212 845 225 seponunt.
1106 207 1141 230 505

276 273 336 291 Rmus
351 273 405 292 Dnus
420 269 528 296 Joannes‚
547 274 581 292 Dei
596 274 655 298 gratia
670 274 777 298 Episcopus
795 268 992 291 wladislaviensis
1005 275 1020 291 ¹:

275 303 371 328 Imprimis
386 304 520 329 interrogatus,
535 310 580 323 num
595 305 659 323 credat
673 305 763 323 articulos
778 303 833 323 fidei?
851 305 883 329 qui
902 305 1037 329 respondendo
1052 305 1104 327 dixit,
1121 311 1141 323 se

209 340 251 353 esse
271 335 380 353 membrum
401 335 505 358 Ecclesiae,
526 336 589 360 potuit
608 340 671 354 tamen
692 336 796 360 aliquando
811 342 860 359 esse,
881 336 932 360 quod
948 342 987 354 non
1003 336 1094 354 intellexit
1112 336 1141 354 vel

209 365 306 384 dubitavit
320 366 343 384 de
357 366 462 391 aliquibus,
483 370 549 391 postea
565 367 658 391 praestitit
677 367 810 391 jusjurandum
828 367 851 385 de
866 366 903 385 fide
922 367 1028 385 orthodoxa
1049 367 1141 385 catholica

208 397 233 415 ad
257 397 421 416 consecrationem
435 404 496 416 suam.
512 398 535 416 Et
550 398 574 416 ita
589 398 612 416 ad
627 398 727 416 articulum
743 398 826 422 primum
841 398 979 422 interrogatus,
994 398 1094 422 respondit
1108 404 1142 422 per

208 428 302 446 verbum:
317 428 382 447 Credo
397 429 500 447 duodecim
515 429 605 447 articulos
618 428 662 447 fidei
673 433 691 447 et
700 429 742 447 illos
756 435 831 447 sumrna
843 435 886 447 cum
896 429 1018 447 veneratione
1030 429 1141 454 amplector.

274 459 409 484 interrogatus,
424 466 470 478 num
484 460 549 478 credat
563 460 652 479 Sanctam
668 460 771 479 Ecclesiam
787 460 910 483 catholicam,
925 460 1040 479 Sanctorum
1055 467 1141 479 commu-

208 490 289 508 nionem
304 495 322 509 et
336 491 397 509 carnis
418 490 588 510 resurrectionem?
608 492 707 516 respondit
726 498 760 516 per
774 492 864 510 verbum:
879 491 943 510 Credo
958 491 1047 515 firmiter,
1063 496 1083 510 ut
1097 492 1140 510 arti-

208 521 290 540 culatur.

275 552 357 571 Demum
378 553 506 578 interrogatus
521 554 544 572 de
558 553 651 576 Ecclesia,
666 554 698 572 ubi
713 552 747 572 sit?
762 554 794 578 qui
810 554 944 578 respondendo
959 554 1013 577 dixit,
1030 560 1071 573 esse
1085 554 1140 573 diffu-

207 590 250 602 sam
265 590 299 608 per
314 588 375 603 totum
390 585 456 603 orbem
471 589 563 604 terrarum
579 585 602 603 ab
618 589 661 603 ortu
676 585 720 603 solis
735 591 795 610 usque
811 586 834 603 ad
849 591 947 608 occasum,
963 591 1012 610 quae
1027 592 1066 604 non
1081 586 1140 604 inclu-

208 615 237 633 dit
251 615 365 639 haereticos,
385 615 490 635 Saracenos
504 620 523 635 et
536 620 618 639 ceteros,
638 616 670 640 qui
685 620 730 634 sunt
749 620 800 634 extra
820 616 933 639 Ecclesiam,
954 617 989 635 nisi
1008 623 1052 635 vero
1070 616 1140 635 Christi

208 645 281 665 fideles.
296 646 320 665 Et
334 647 411 665 tandem
427 647 505 666 ulterius
520 648 653 671 interrogatus,
674 653 720 665 num
735 647 776 672 ipsa
791 647 874 666 Ecclesia
889 648 961 672 Spiritu
977 648 995 666 S.
1011 647 1096 673 regatur?
1117 648 1141 666 Et

208 683 309 702 nunquam
329 682 391 702 potest
406 684 478 701 errare,
498 679 542 703 quia
557 684 613 697 verax
627 682 659 697 est.
676 678 749 696 Deinde
764 679 900 703 interrogatus,
915 685 938 697 an
954 679 1005 703 Papa
1022 685 1054 698 seu
1070 679 1140 697 Roma<

208 715 245 727 nus
260 709 348 728 Pontifex
362 710 386 728 sit
400 714 457 734 caput
472 710 528 735 hujus
542 710 637 728 Ecclesiae
651 710 670 728 in
682 709 736 728 terris
751 714 794 734 post
808 709 918 728 Christum?
934 710 1038 734 respondit,
1052 710 1077 728 ita
1093 716 1140 733 esse,

208 740 262 765 quod
283 740 383 759 Romanus
403 741 491 759 Pontifex
511 745 554 765 post
574 740 672 759 Christum
692 745 719 759 est
735 745 792 765 caput
812 741 906 759 Ecclesiae
926 741 945 759 in
959 741 1023 764 terris,
1048 746 1139 766 tanquam

208 770 280 790 Christi
295 771 387 790 vicarius.
777 777 780 780 '

272 803 318 821 item
341 803 479 827 interrogatus,
500 809 545 822 num
561 803 625 822 credat
644 803 736 822 Conciliis
752 807 769 821 et
784 803 868 822 Decretis
889 803 1004 822 Sanctorum
1019 808 1102 828 patrumy
1116 804 1140 822 ab

208 833 293 852 Ecclesia
316 834 408 853 catholica
432 835 512 859 receptis
527 839 559 853 aut
579 841 614 853 usu
636 834 712 859 publico
733 833 855 859 approbatis?
879 835 977 859 respondit
999 841 1033 859 per
1052 835 1131 853 verbum

208 864 273 883 Credo
288 869 306 883 et
320 866 431 889 praesertim
446 866 488 888 illis,
504 872 553 890 quae
568 866 586 884 in
602 866 674 890 Spiritu
690 865 709 884 S.
724 865 773 884 fiunt
787 866 866 884 sanctita
882 870 899 884 et
914 866 958 884 ideo
972 867 1060 884 tenenda.

272 896 318 915 Item
333 897 469 921 interrogatus.
484 903 508 915 an
522 897 595 919 credat,
614 903 774 921 unumquemque
788 897 852 921 Papae
867 901 885 915 et
899 897 988 916 Praelatis
1008 898 1047 916 suis
1061 902 1140 922 propter

207 928 354 951 conscientiam,
374 928 411 947 hoc
425 932 454 947 est
468 928 491 947 de
511 928 621 947 necessitate
640 929 706 947 salutis
726 929 805 947 obedire
825 927 905 947 debere?
926 929 1025 953 respondit
1045 935 1079 953 per
1099 935 1139 947 ver-

208 959 263 978 bum:
279 959 355 982 Credo,
369 960 499 978 obediendum
515 966 561 978 esse.

271 990 318 1009 {tem
338 991 477 1015 interrogatus,
500 991 523 1009 de
543 991 686 1015 dispensatione
708 991 789 1009 clavium
810 995 827 1009 et
847 991 970 1015 indulgentiis
994 991 1040 1015 quid
1060 990 1139 1010 sentiat?

207 1022 308 1046 respondit
322 1028 356 1046 per
370 1022 458 1040 verbum:
474 1021 540 1040 Sentio
555 1022 658 1046 ita,-prout
673 1022 741 1040 merito
756 1022 849 1046 passionis
862 1022 940 1040 Domini
956 1022 1015 1040 nostri
1027 1023 1070 1040 Jesu
1083 1022 1138 1041 Chri-

206 1053 229 1071 sti
244 1053 329 1071 Ecclesia
343 1053 435 1072 catholica
449 1057 501 1072 tenet
515 1058 533 1072 et
547 1053 641 1071 observat.

271 1084 333 1103 item?
347 1084 481 1109 interrogatus,
496 1085 520 1102 de
533 1084 657 1103 sacramentis
672 1085 766 1103 Ecclesiae
780 1084 826 1109 quid
841 1083 920 1103 sentiat?
935 1085 1034 1109 respondit
1049 1091 1083 1109 per
1097 1091 1137 1103 ver-

207 1116 262 1134 bum:
277 1115 357 1140 Optime
371 1116 433 1134 sentio
445 1119 463 1134 et
474 1116 525 1139 dico,
540 1122 560 1134 ea
576 1121 616 1134 esse
630 1120 703 1140 septeni
718 1116 737 1133 in
752 1121 840 1137 numere,
855 1121 916 1134 unum
931 1120 994 1134 tamen
1010 1122 1031 1134 ex
1047 1116 1078 1139 eis,
1093 1120 1138 1140 puta

206 1146 339 1171 Baptizmum,
354 1153 408 1171 pono
421 1153 496 1165 summe
512 1147 639 1165 necessarium
654 1153 684 1169 eo,
700 1147 752 1171 quod
766 1146 790 1165 sit
804 1147 859 1170 janua
878 1147 969 1168 aliorum,
984 1151 1047 1165 tamen
1063 1151 1081 1165 et
1095 1147 1137 1165 reli—

206 1184 244 1202 qua
259 1184 298 1196 non
314 1182 418 1197 contemno
434 1182 452 1196 et
466 1178 526 1196 immo
540 1178 597 1196 etiam
613 1178 717 1196 necessaria
731 1178 800 1202 allego,
815 1178 855 1196 sine
867 1182 932 1196 tamen
944 1178 980 1196 illis
995 1184 1051 1202 posse
1062 1178 1137 1201 salvari,

206 1209 221 1228 si
236 1215 277 1228 non
292 1213 446 1228 contemnentur.
460 1209 485 1227 Et
498 1209 576 1228 ulterius
591 1209 728 1233 interrogatus,
742 1215 766 1226 an
781 1208 800 1226 in
815 1213 934 1227 sacramento
948 1209 1079 1227 Eucharistiae
1098 1215 1138 1228 cre-

206 1240 239 1259 det
253 1241 351 1259 veritatem
366 1240 453 1265 corporis
467 1244 485 1259 et
499 1240 597 1264 sanguinis
609 1239 691 1258 Christi?
706 1240 805 1264 respondit
819 1246 853 1264 per
868 1240 955 1258 verbum:
971 1239 1035 1259 Credo
1050 1240 1138 1259 maxime.

269 1271 316 1290 ltem
331 1272 465 1297 interrogatus,
481 1277 527 1290 num
542 1272 615 1292 credat.
630 1272 665 1289 sub
680 1271 737 1289 altera
752 1271 814 1295 specie
829 1275 903 1289 tantum
918 1271 1023 1294 contineri,
1044 1276 1138 1296 quantum

205 1303 242 1321 sub
262 1306 352 1327 utraque,
372 1306 391 1321 et
404 1309 428 1321 an
443 1306 494 1321 extra
516 1302 645 1327 sumptionem
663 1302 686 1320 sit
704 1308 770 1320 verum
790 1308 861 1326 corpus
881 1301 963 1320 Christi?
987 1303 1086 1326 respondit
1106 1308 1139 1326 per

205 1334 296 1352 verbum:
317 1333 390 1356 Credo,
404 1337 479 1352 tantum
498 1333 591 1352 contineri
606 1333 641 1351 sub
657 1339 694 1351 una
709 1333 782 1357 specie,
802 1337 896 1357 quantum
911 1334 946 1351 sub
961 1337 1050 1357 utraque,
1070 1333 1138 1352 virtute

204 1365 309 1383 verborum
324 1364 365 1386 Dei,
380 1364 423 1389 quia
439 1368 508 1389 potens
523 1369 550 1383 est
558 1367 567 1388 ς’
578 1369 629 1383 extra
644 1364 775 1388 sumptionem
790 1364 846 1382 etiam
862 1364 921 1382 credit
935 1370 975 1382 esse
987 1370 1054 1382 verum
1066 1363 1137 1382 Christi

205 1402 283 1421 corpus,
298 1400 316 1414 et
330 1396 376 1414 illud
390 1399 497 1414 veneratur.

268 1427 315 1446 ltern
330 1427 468 1452 interrogatus,
488 1433 534 1445 num
549 1427 623 1449 credat,
642 1430 743 1451 utramque
757 1427 841 1451 speciem
860 1430 910 1445 extra
931 1427 1007 1445 Missam
1022 1427 1046 1444 ad
1060 1432 1137 1445 sumen-

202 1458 252 1477 dum
267 1464 308 1476 esse
324 1456 460 1476 necessariam?
475 1458 574 1482 respondit
589 1464 622 1482 per
637 1458 725 1476 verbum:
741 1457 804 1476 Credo
819 1464 857 1476 non
872 1457 936 1480 aliter,
951 1457 1075 1476 necessariam
1091 1464 1137 1480 esse,

203 1489 240 1508 nisi
256 1489 347 1513 quatinus
361 1489 449 1507 observat
463 1489 547 1507 Ecclesia
562 1489 661 1509 catholica.
676 1492 694 1507 et
709 1489 749 1513 ipse
763 1489 867 1513 aliquando
882 1489 907 1507 ita
922 1494 977 1507 sumo
993 1489 1028 1507 sub
1043 1495 1081 1507 una
1095 1494 1137 1513 spe-

201 1520 238 1543 cie,
250 1520 285 1539 ubi
297 1520 361 1543 credo,
374 1524 436 1539 toturn
449 1524 466 1538 et
478 1520 574 1544 integrum
586 1526 656 1544 corpus
669 1519 739 1538 Christi
752 1524 770 1538 ct
781 1520 894 1544 sanguinem
908 1520 944 1538 sub
956 1526 993 1538 una
1006 1520 1069 1544 specie
1081 1520 1136 1538 sumi.

268 1551 315 1570 Item
331 1551 464 1576 interrogatus,
478 1557 502 1569 an
517 1551 665 1569 communicavit
679 1557 730 1569 anno
745 1551 839 1575 praesenti
855 1555 873 1569 et
887 1557 910 1569 an
926 1551 1028 1569 celebravit
1047 1549 1136 1569 Missam?

197 1582 314 1608 respondit:
329 1582 476 1601 communicavi
491 1586 509 1600 et
523 1582 600 1600 Missam
616 1582 713 1600 celebravi.
728 1582 753 1600 Et
767 1582 901 1606 interrogatus,
915 1582 1016 1606 quomodo
1029 1586 1080 1600 extra
1093 1582 1137 1600 Mis-

196 1620 241 1634 sum
258 1612 420 1632 communicavit?
435 1613 540 1638 respondit,
554 1614 589 1631 sub
604 1619 642 1631 una
656 1613 725 1637 specie.
746 1613 769 1631 Et
783 1619 806 1631 un
822 1613 878 1631 etiam
893 1613 979 1631 subditos
994 1612 1075 1631 diocesis
1092 1618 1136 1631 sune

233 1703 238 1713 ¹
263 1701 381 1721 Drahojewnki.
444 1702 451 1712 ¹
466 1702 514 1721 Ustep
525 1706 535 1715 o
547 1701 609 1720 qutwie
621 1706 728 1721 opust-:zuny

263 1737 301 1751 m
308 1737 372 1750 ron-iu
379 1737 447 1754 mnu..
457 1739 501 1750 mm·
509 1737 519 1749 ι
1013 1727 1038 1751 64
