1465 2093
529 227 671 241 nls'toLAnmt
684 227 747 244 mm,
760 227 867 241 Ammmux.
1128 222 1161 239 501

264 277 420 296 satisfactionem.
441 278 469 296 De
489 277 617 297 satisfactione
638 278 683 303 quid
705 279 774 297 sentiat
794 277 932 303 interrogatus?
952 279 1051 303 respondit
1071 284 1104 303 per
1124 284 1164 296 ver-

264 313 289 327 n:
304 308 378 331 Sentio,
393 313 450 333 prout
464 309 532 327 Sancta
547 309 630 328 Ecclesia
646 309 734 328 Romana
752 310 809 328 docet
822 314 840 328 et
855 313 917 333 tenet;
937 313 955 328 et
969 309 1026 332 dixit,
1042 310 1094 334 quod
1109 309 1163 328 satis-

264 339 289 357 :io
305 344 333 358 est
347 340 453 358 voluntaria
467 340 564 364 susceptio
579 346 653 365 poenae
667 341 764 365 injunctae
778 347 788 359 a
803 341 908 359 sacerdote.

296 370 342 389 Item
358 371 496 395 interrogatus,
516 377 540 389 an
555 370 679 390 confiteatur?
700 372 807 396 respondit,
828 372 880 396 quod
894 378 979 396 semper,
1000 372 1078 396 quando
1092 371 1165 390 accedit

276 406 417 420 sacramentum
437 403 505 421 altaris.
527 403 550 421 Et
564 401 608 421 ubi?
628 403 736 428 respondit:
752 403 875 428 Ubicumque
893 409 923 421 me
937 407 982 422 tunc
996 409 1037 422 esse
1056 402 1164 427 contigerit.

271 432 314 451 cui?
328 433 476 452 Bartholomaeo
491 434 514 453 de
528 434 593 452 Znena
606 434 616 457 ¹,
632 434 713 453 discreto
728 434 821 453 sacerdoti
836 438 854 452 et
869 434 975 459 Capellano
990 440 1040 452 meo.

297 464 342 483 Item
358 464 496 489 interrogatus,
516 471 540 483 an
555 465 627 488 credat,
647 466 724 484 Missam
739 472 778 484 esse
793 472 859 484 verum
879 465 1002 488 sacrificium,
1022 469 1040 484 et
1054 472 1078 483 an
1093 465 1163 487 credat,

266 495 333 514 ristnm
354 496 372 514 in
390 502 413 514 co
430 503 440 514 a
459 502 540 520 corpore
559 503 607 519 suu,
629 497 682 521 quod
702 501 729 516 est
749 497 845 519 Ecclesia,
860 503 893 521 per
911 497 1037 515 ministerium
1061 496 1165 515 sacerdotis

264 525 309 544 :rri?
325 527 424 551 respondit
437 534 471 552 per
486 528 574 546 verbum:
589 527 660 551 Credo,
676 532 696 547 ut
710 528 827 550 articulatur,
842 534 885 546 vere
899 532 917 546 et
931 527 1060 546 essentialiter.

297 558 354 580 Item,
374 565 397 576 an
412 562 474 577 totum
490 558 589 577 Canonem
611 559 724 583 pronunciet
743 558 882 584 interrogatus?
902 558 1012 583 respondit,
1029 559 1082 583 qnod
1103 562 1165 576 totum

266 588 417 613 integerrimum.
439 590 462 608 Et
476 596 499 608 an
515 590 629 609 Sanctorum
649 590 853 609 commemorationem
869 596 908 608 non
926 590 1038 608 intermittat
1052 590 1071 607 in
1085 589 1167 607 Canone

264 619 321 638 aliter
336 620 473 645 interrogatus?
489 621 587 645 respondit
602 621 697 646 negative,
712 621 765 646 quod
780 627 819 639 non
834 621 947 640 intermittit.

299 651 344 670 Item
359 652 496 676 interrogatus,
512 652 557 677 quid
571 652 641 671 sentiat
654 652 678 671 de
693 652 806 670 Sanctorum
822 652 955 674 veneratione,
970 652 1099 674 invocatione,
1114 657 1167 669 com-

267 683 386 704 moratione,
401 682 496 707 reliquiis?
519 683 626 708 respondit:
642 683 722 702 Sanctos
736 683 771 701 Dei
786 683 913 706 venerandos,
931 683 1034 705 amandos,
1049 682 1168 701 invocandos

265 714 384 738 sequendos,
400 721 440 732 non
455 718 517 733 autem
533 715 649 737 adorandus,
664 721 712 739 quos
726 715 773 733 dixit
787 721 827 733 esse
841 721 884 733 vera
899 714 985 733 membra
1000 718 1018 732 et
1032 720 1075 732 vasa
1090 713 1167 737 Christi,

267 745 307 763 icos
323 745 364 768 Dei,
377 746 400 764 de
412 752 496 770 quorum
510 746 595 770 reliquiis
610 746 658 764 bene
673 746 730 764 sentit
741 746 772 767 ita,
787 750 807 764 ut
822 745 906 764 Ecclesia
921 745 1009 764 Romana
1024 745 1085 763 docet.

299 776 345 794 Item
361 777 496 801 interrogatus,
511 777 557 801 quid
572 777 640 795 sentiat
654 777 678 795 de
693 775 816 801 purgatorio?
834 777 933 801 respondit
946 782 980 801 per
995 777 1083 795 verbum:
1103 776 1167 794 Credo

266 807 339 830 sentio,
361 814 401 826 esse
419 808 561 833 purgatorium,
581 812 599 827 et
616 808 658 827 dico
678 814 718 827 esse
738 808 812 831 locum,
832 808 864 826 ubi
885 814 948 832 poena
969 808 1050 826 exluitur
1069 813 1105 831 pro
1124 813 1168 831 pec-

266 839 281 857 is
296 839 366 857 debita.

299 870 355 893 Item,
369 870 416 895 quid
430 870 453 889 de
468 870 597 893 orationibus,
617 870 721 893 sacrificiis,
736 870 851 895 elemosynis
866 874 884 889 et
898 870 938 888 aliis
953 870 988 894 piis
1003 870 1105 894 operibus,
1120 875 1169 894 quae

265 905 285 919 nt
297 907 332 925 pro
345 902 432 923 mortuis.
447 908 471 920 an
483 902 509 920 eis
521 902 602 926 prosint,
616 902 690 925 sentiat,
706 900 844 926 interrogatus?
859 901 958 926 respondit
974 907 1007 925 per
1019 901 1109 919 verbum:
1121 900 1168 919 Sen-

278 937 297 950 et
311 933 378 954 credo,
398 933 504 955 orationes,
524 933 623 956 sacrificia,
638 933 758 958 elemosynas
773 937 790 951 et
804 933 840 952 alia
854 933 885 957 pia
901 939 960 957 opera
975 933 1067 956 prodesse
1082 931 1168 950 mortuis.

301 963 348 982 Item
363 964 498 989 interrogatus,
512 970 536 982 an
551 965 623 987 credat,
639 970 673 983 nos
687 964 706 982 in
721 964 759 983 fide
773 964 844 983 Christi
859 964 915 983 bonis
929 963 998 982 mereri
1013 970 1022 981 a
1037 963 1079 981 Deo
1094 967 1168 987 tempo-

265 994 281 1012 ia
297 994 399 1013 beneficia?
415 995 513 1019 respondit
527 1002 560 1020 per
574 996 663 1014 verbum:
678 995 750 1018 Credo,
766 996 836 1013 nedum
851 995 964 1019 temporalia
979 1001 1046 1013 verum
1061 999 1079 1013 et
1093 998 1169 1013 aeterna

264 1026 292 1043 nis
307 1026 403 1050 operibus,
418 1026 437 1044 in
452 1026 489 1045 fide
503 1031 567 1045 tamen
583 1026 661 1048 Christi,
676 1027 752 1045 mereri.

301 1056 438 1082 Interrogatus,
460 1064 484 1076 an
508 1058 571 1076 credat
590 1058 674 1077 Ecclesia
694 1058 752 1076 vitam
776 1057 883 1077 aeternam?
906 1058 1006 1082 respondit
1026 1063 1060 1081 per
1080 1057 1168 1075 verbum:

265 1088 302 1106 edo
318 1092 336 1106 et
349 1089 432 1107 animam
448 1089 583 1108 immortalem.

301 1119 359 1143 Item,
379 1126 403 1138 an
423 1120 498 1143 credat,
517 1121 624 1139 sacerdotes
639 1127 648 1138 a
663 1121 708 1139 solis
730 1120 830 1144 Episcopis
849 1125 867 1138 et
881 1120 927 1144 ipsis
949 1119 1062 1138 consecratis
1085 1119 1170 1137 ordinari

267 1149 378 1174 errogatus?
394 1151 503 1175 respondit:
518 1151 589 1174 Credo,
604 1156 622 1170 ct
637 1158 676 1170 non
691 1152 714 1170 ab
729 1151 776 1170 aliis.

301 1181 355 1204 Item,
369 1182 392 1200 de
404 1182 551 1201 confirmatione
565 1182 612 1207 quid
626 1183 695 1201 sentiat
709 1181 848 1207 interrogatus?
863 1182 963 1207 respondit
977 1188 1012 1206 per
1024 1182 1111 1200 verbum:
1124 1181 1169 1200 Cre-

268 1227 273 1234 ,
297 1219 337 1231 esse
357 1217 497 1231 sacramentum
518 1213 613 1232 Ecclesiae
628 1214 663 1237 ita,
683 1218 703 1232 ut
717 1214 801 1232 Ecclesia
822 1213 840 1231 S.
855 1214 948 1232 catholica
968 1213 1057 1231 observat
1072 1217 1089 1231 et
1104 1212 1170 1236 sentit,

270 1249 305 1268 per
318 1244 370 1262 solos
384 1244 492 1268 Episeopos
506 1245 563 1263 debet
577 1244 693 1263 confirmari.

302 1275 348 1293 Item
363 1276 387 1294 de
401 1279 484 1294 extrema
502 1276 592 1294 unctione
607 1276 652 1300 quid
667 1276 735 1294 sentiat
752 1275 891 1300 interrogatus?
910 1276 1046 1300 respondendo
1060 1275 1115 1298 dixit,
1130 1281 1170 1294 esse

264 1310 379 1325 :ramentum
394 1306 495 1329 Ecclesiae,
510 1313 570 1325 unum
584 1307 633 1326 inter
647 1311 709 1326 cetera
723 1312 847 1326 sacramenta.

302 1337 350 1355 Item
370 1338 393 1356 de
412 1338 538 1357 caeremoniis
558 1339 660 1361 Ecclesiae,
681 1342 748 1363 utpote
770 1339 793 1357 de
808 1338 971 1363 processionibus,
991 1338 1171 1361 thurificationibus,
1189 1360 1194 1366 .

264 1369 406 1387 nedictionibus
420 1375 490 1394 aquae,
510 1370 563 1393 salis,
583 1370 651 1389 cineris
666 1374 683 1389 et
697 1370 777 1389 aliarum
793 1376 865 1392 rerum,
885 1376 909 1388 an
924 1370 986 1388 bonae
1000 1373 1019 1388 et
1033 1369 1075 1394 piae
1090 1369 1138 1392 sint,
1153 1373 1171 1387 et

277 1400 381 1418 efficaciam
396 1400 485 1424 habeant,
501 1401 546 1425 quid
560 1401 628 1419 sentiat
643 1400 781 1425 interrogatus?
796 1401 932 1425 respondendo
946 1401 999 1423 dixit,
1014 1406 1062 1425 quae
1074 1406 1171 1419 caeremo-

265 1438 281 1450 ιε
301 1432 373 1450 debent
387 1432 405 1450 in
421 1431 505 1450 Ecclesia
525 1431 574 1455 fieri,
595 1432 651 1451 etita
666 1433 759 1450 observat.
783 1432 810 1451 De
831 1432 996 1450 benedictionibus
1018 1436 1081 1450 autem
1102 1437 1171 1456 aquae,

266 1463 288 1485 is,
303 1463 372 1481 cineris
387 1467 405 1481 et
419 1463 498 1482 aliarum
513 1469 576 1482 rerum
591 1462 729 1488 interrogatus?
744 1463 850 1488 respondit,
864 1464 916 1487 quod
931 1463 1002 1481 habent
1016 1462 1120 1481 efficaciam
1134 1463 1170 1481 vir-

264 1501 278 1513 ·e
293 1495 397 1513 verborum
412 1494 453 1516 Dei,
469 1498 487 1513 et
500 1495 552 1516 alias,
567 1498 626 1519 prout
641 1495 723 1513 Ecclesia
740 1495 827 1513 Romana
841 1494 934 1513 hactenus
949 1494 1044 1515 observat,
1059 1493 1124 1512 credit.

302 1525 349 1543 ltem
364 1525 501 1550 interrogatus,
520 1532 544 1543 an
559 1526 632 1548 credat,
647 1530 690 1544 vota
705 1526 810 1544 monastica
827 1526 857 1550 pia
872 1530 890 1544 et
905 1525 993 1550 religiosa
1007 1531 1056 1548 esse,
1074 1524 1173 1549 respondit

264 1564 270 1567 ·
286 1557 376 1575 verbum:
392 1556 456 1575 Credo
471 1561 489 1575 et
503 1557 553 1579 dico,
568 1563 608 1575 esse
623 1557 665 1580 tria,
679 1557 790 1580 castitatem,
804 1557 934 1575 obedientiam
949 1561 967 1575 et
982 1556 1109 1575 voluntariam
1124 1561 1171 1580 pau-

264 1593 341 1608 ·tatem.
356 1588 379 1607 Et
393 1588 445 1611 dixit,
460 1589 513 1613 quod
528 1588 563 1607 ista
578 1588 612 1607 tria
627 1593 670 1607 sunt
685 1588 758 1607 fructus
772 1588 823 1607 fidei.

302 1620 361 1642 Item,
375 1626 399 1638 an
414 1620 486 1642 credat,
501 1620 593 1638 servanda
608 1626 648 1638 esse
662 1620 733 1644 jejunia
747 1620 771 1637 ab
786 1619 870 1638 Ecclesia
891 1619 985 1642 instituta,
1000 1622 1019 1637 et
1033 1625 1056 1637 an
1070 1618 1088 1637 in
1104 1618 1126 1636 iis
1140 1618 1172 1636 de-

264 1657 298 1671 tus
320 1651 407 1669 ciborum
427 1651 530 1669 servandus
550 1651 573 1669 sit
593 1650 729 1675 interrogatus?
750 1651 852 1675 respondit
871 1657 905 1675 per
924 1651 1014 1669 verbum:
1038 1649 1112 1673 Credo,
1132 1655 1172 1668 esse

271 1719 276 1729 ¹
301 1724 323 1732 =
335 1722 353 1733 ze
365 1713 418 1733 Znina.
