1465 2093
542 192 683 209 maronam!
695 194 759 215 mm,
772 194 880 210 nemu.
1143 189 1178 216 513

268 308 316 328 848.
379 310 581 329 constitutiones
596 310 694 333 synodi
708 311 909 330 Piotrooviensis
923 311 986 331 1551
1000 312 1045 331 Ast

869 358 1001 380 Petricoviae,
1016 359 1042 376 10·
1054 358 1109 377 ,lunii
1123 359 1179 377 1551.

308 393 429 415 Confessio
447 393 507 416 fidei.
529 399 611 424 Propter
630 400 794 418 exterminandam
814 399 907 418 haeresim
928 399 1066 422 Lutheranam,
1090 406 1139 424 quae
1159 400 1179 418 in

266 429 344 448 ovincia
359 429 466 448 Gnesnensi
481 430 559 449 inolevit
573 435 591 449 et
606 431 677 449 radices
692 431 736 455 egit,
753 431 863 455 multosque
878 431 897 449 in
911 431 1039 456 spiritualium
1054 431 1121 449 ordine
1136 437 1177 450 cor⁴

264 461 303 479 )uit
318 464 336 479 ct
351 460 424 484 infecit,
446 467 469 479 ex
483 462 559 480 decreto
574 461 630 486 hujus
646 461 664 480 S.
680 462 754 487 Synodi
770 462 788 480 in
803 462 888 480 Domino
908 462 1018 487 congregati
1033 462 1074 480 RR.
1089 461 1127 480 Dni
1141 464 1176 481 Ar-

264 491 380 516 iiepiscopus
399 496 418 511 et
432 492 522 517 Episcopi
544 496 653 517 praesentes
667 497 685 511 et
699 493 807 511 absentium
827 493 897 511 Nuncii
917 493 1064 512 Confessionem
1084 493 1128 512 fidei
1148 499 1178 512 ca-

264 523 336 546 olicae,
350 529 408 548 quam
423 524 442 542 S.
458 524 546 542 Romana
561 524 643 543 Ecclesia
659 524 767 547 confitetur,
782 524 876 546 fecerunt¹
896 524 947 549 juxta
962 524 1065 543 formulam
1080 524 1129 543 infra
1143 524 1176 542 de-

264 555 334 579 riptam
345 555 358 577 ²,
378 555 430 579 cujus
445 555 577 574 Confessionis
591 555 688 574 consectus
706 560 765 574 exstat
782 556 857 574 libellus
872 555 1013 580 paraphrastice
1033 555 1153 580 conscriptus
1163 555 1176 578 ³,

274 592 334 610 quarn
355 586 411 605 etiam
431 587 501 611 singuli
520 587 558 605 Dni
577 587 669 612 Episcopi
689 588 785 610 absentes,
805 587 887 605 Praelati
901 591 920 605 et
934 586 1028 605 Canonici
1048 586 1177 605 Ecclesiarum

264 617 381 636 thedralium
396 622 414 636 et
429 617 578 642 Collegiatarum
593 618 612 636 in
628 617 722 642 Capitulis
741 618 788 641 suis,
808 624 842 636 nec
860 624 898 636 non
913 618 997 637 Abbates
1012 624 1055 636 cum
1070 618 1109 636 suis
1124 622 1142 636 et
1155 618 1175 636 in

266 653 310 667 rum
326 648 459 667 Conventibus
479 655 547 668 omnes
561 653 579 668 et
592 649 670 674 singuli,
690 653 747 674 atque
761 649 818 668 etiarn
838 655 902 668 coram
919 649 1065 667 Archidiaconis
1080 649 1099 667 in
1113 649 1176 667 visita-

264 686 294 698 »ne
307 680 435 699 Ecclesiarum
447 681 586 705 parochialium
605 680 690 703 Plebani,
705 680 774 705 aliique
792 680 900 705 Presbyteri
915 684 932 699 et
947 680 1008 699 clerici
1024 680 1085 699 facere
1099 684 1176 698 tenean-

264 717 278 729 r.
299 710 376 735 Operae
397 711 518 736 pretiumque
538 718 579 730 esse
594 715 657 730 censet
677 712 768 736 Synodus
782 711 829 736 ipsa,
851 715 872 730 ut
886 712 962 736 deiceps
980 712 1098 736 quicumque
1112 711 1175 730 nomi-

266 742 281 761 ti
300 742 370 761 fuerint
389 743 497 767 aliquarum
518 743 646 761 Ecclesiarum
661 743 680 761 in
695 743 793 767 provincia
808 747 826 761 et
840 743 928 767 primatia
949 742 1056 761 Gnesnensi
1076 742 1175 767 Archiepi-

264 773 294 797 api
307 777 326 791 et
337 773 434 798 Episcopi,
449 774 467 792 in
480 774 568 792 manibus
581 774 707 797 Nunciorum,
723 778 767 798 post
782 780 849 792 eorum
864 774 1017 792 nominationem
1033 778 1051 792 et
1063 774 1176 792 electionem

279 804 419 828 postulandum
437 811 471 823 eos
486 811 520 830 per
534 804 623 830 Capitula
643 805 809 829 deputandorum,
829 805 909 823 eandem
930 805 1079 823 Confessionem
1100 804 1176 828 faciant,

264 842 300 854 lam
321 835 467 855 Consessionem
488 836 575 855 reiterare
595 836 632 855 sint
652 836 731 861 obligati
747 836 765 855 in
781 836 844 861 primo
864 842 900 854 suo
915 836 939 854 ad
954 836 1048 855 Ecclesiae
1062 840 1081 854 et
1093 842 1175 860 sponsas

265 873 285 885 as
304 867 398 892 ingressu,
418 868 467 886 circa
487 868 615 892 juramentum
636 868 654 886 in
675 867 785 892 receptione
805 868 829 886 ad
848 867 952 886 Ecclesiam
972 867 991 885 in
1006 867 1070 885 medio
1091 866 1176 891 Capituli

266 898 333 916 aestari
348 898 432 917 solitum.
458 900 485 917 Ac
500 899 584 917 Abbates
598 899 622 917 ad
637 898 728 917 Abbatias
743 898 791 917 circa
806 898 967 922 benedictionem,
982 898 1061 917 Plebani
1080 902 1098 916 et
1112 898 1175 916 clerici

264 931 267 947 i
282 929 400 954 parochiales
416 934 434 948 et
448 930 472 948 ad
483 930 518 948 alia
531 936 657 954 quaecunque
672 930 798 948 ecclesiastica
813 929 904 948 beneficia
919 936 962 948 cum
977 935 1021 948 cura
1036 933 1055 948 et
1068 930 1109 948 sine
1123 935 1175 952 cura,

264 960 298 978 iam
312 961 337 978 ad
351 960 428 979 ordines
443 960 511 979 Sacros
529 961 640 985 promoveri
655 961 739 979 volentes
754 967 792 979 non
807 961 941 985 suscipiantur,
962 961 998 979 nisi
1012 965 1106 985 quatenus
1121 961 1174 985 prius

264 991 322 1010 nilem
337 991 416 1010 fecerint
430 991 474 1010 fidei
489 991 635 1010 Confessionem
650 992 689 1010 sive
704 992 863 1016 recognitionem.
879 992 1070 1016 Supplicandumque
1085 995 1113 1010 est
1126 991 1174 1010 San-

265 1028 283 1040 ae
294 1022 338 1040 Sedi
350 1023 478 1046 Apostolicae,
490 1027 512 1041 ut
523 1023 688 1041 Constitutionem
699 1023 755 1046 hanc,
768 1023 819 1041 bono
832 1027 850 1041 et
861 1023 894 1047 pio
907 1027 993 1048 respectu
1005 1023 1080 1046 factam,
1095 1028 1173 1041 assensu

264 1059 278 1071 ιο
296 1057 356 1072 ratam
376 1054 437 1072 faciat.
463 1054 579 1079 Quicunque
599 1059 663 1073 autem
683 1059 727 1079 post
742 1054 889 1073 Confessionem
907 1054 975 1073 factam
996 1054 1090 1079 comperti
1105 1054 1175 1073 fuerint

264 1085 312 1109 :rjuri
327 1089 345 1103 et
360 1085 465 1104 haereticae
485 1085 582 1110 pravitatis
596 1089 706 1108 assertores,
726 1090 759 1104 aut
772 1086 831 1104 libros
845 1086 950 1104 haereticos
965 1089 1051 1104 tenentes
1065 1086 1095 1104 vel
1109 1086 1173 1110 legen-

264 1121 277 1139 s,
288 1116 317 1134 vel
332 1116 389 1134 etiam
405 1122 449 1135 cum
463 1116 563 1135 haereticis
577 1117 692 1135 commercia
707 1121 725 1135 et
736 1117 883 1135 familiaritatem
899 1118 998 1140 habentes,
1013 1121 1045 1135 aut
1057 1123 1090 1135 eos
1103 1117 1122 1135 in
1135 1116 1174 1135 suis

264 1148 332 1166 ›mibus
345 1148 385 1166 sive
400 1148 498 1166 famulitiis
512 1148 624 1171 tolerantes,
644 1148 690 1167 tales
705 1148 740 1167 nisi
755 1148 889 1167 admonitione
903 1148 1007 1173 praemissa
1022 1148 1139 1171 destiterint,
1158 1148 1174 1166 si

264 1178 311 1197 erint
324 1179 423 1203 Episcopi,
442 1179 462 1197 S.
477 1179 521 1198 Sedi
541 1180 666 1204 Apostolicae
685 1185 719 1204 per
739 1180 780 1202 ejus
800 1179 912 1204 Capitulum
926 1183 945 1198 et
958 1179 1138 1204 Metropolitanum,
1158 1179 1173 1198 si

266 1215 287 1228 ro
300 1210 371 1228 fuerint
384 1210 513 1229 Ecclesiarum
527 1211 665 1229 cathedralium
680 1211 761 1229 Praelati
775 1215 808 1229 aut
822 1210 925 1233 Canonici,
944 1211 983 1229 sive
997 1211 1082 1229 Abbates
1096 1216 1173 1229 eorum-

264 1246 280 1259 ιε
298 1241 394 1264 monachi,
414 1241 516 1266 Episcopis
536 1245 555 1260 et
568 1241 668 1266 Capitulis,
688 1242 703 1260 si
722 1241 865 1266 collegiatarum
885 1246 903 1260 et
922 1241 1061 1266 parochialium
1082 1241 1173 1260 Rectores

267 1271 309 1297 ique
323 1272 431 1291 beneficiati
446 1277 464 1291 et
478 1273 547 1295 clerici,
567 1273 604 1291 loci
619 1273 728 1291 Ordinariis
743 1273 852 1292 deserantur
866 1273 949 1298 legitime
964 1272 1063 1297 puniendi.
1089 1272 1113 1290 Et
1127 1278 1172 1291 coo·

267 1308 331 1322 rentur
345 1303 387 1322 RR.
402 1303 439 1322 Dni
454 1304 616 1328 Archiepiscopus
630 1309 648 1322 et
663 1304 753 1329 Episcopi
775 1310 809 1329 per
828 1305 914 1323 Nuncios
931 1304 1040 1329 synodales,
1060 1308 1081 1322 ut
1101 1303 1172 1328 Regiae

264 1335 303 1353 tatis
317 1335 431 1353 auctoritate
445 1335 483 1354 Dni
498 1335 600 1354 Senatores
619 1336 713 1354 seculares
727 1335 812 1354 Ducatus
832 1335 946 1354 Lithuaniae
966 1336 1047 1354 eandem
1062 1335 1172 1354 Confessio-

266 1371 285 1384 m
298 1366 409 1391 suscipiant,
423 1366 510 1385 similiter
525 1371 543 1385 et
557 1366 639 1385 Senatus
653 1373 697 1385 eum
709 1370 749 1385 tota
763 1367 866 1385 Nobilitate
882 1366 944 1391 Regni
958 1366 1057 1390 poloniae,
1072 1366 1120 1385 dum
1131 1366 1172 1384 feli-

266 1402 286 1416 er
298 1397 318 1416 in
333 1397 435 1416 Poloniam
450 1398 490 1423 ejus
505 1398 554 1417 Mtas
569 1398 651 1417 redierit.

301 1429 337 1451 De
362 1428 481 1451 haereticis
504 1434 525 1452 et
548 1429 626 1452 libellis
652 1429 763 1459 suspectis
788 1429 900 1452 tollendis.
928 1434 1015 1453 Tametsi
1033 1434 1081 1452 nihil
1098 1434 1173 1453 dubitat

275 1464 372 1490 Synodus,
391 1465 440 1484 infra
454 1470 495 1484 acta
516 1472 551 1490 per
565 1466 606 1484 RR.
621 1466 675 1485 Dnos
688 1466 850 1491 Archiepiscopos
864 1469 883 1484 et
896 1466 1004 1490 Episcopus
1023 1471 1100 1490 semper
1113 1465 1171 1484 fuisse

264 1496 360 1515 riolabiter
373 1497 479 1520 observata,
494 1497 518 1516 ad
532 1498 625 1523 majorem
640 1501 704 1516 tamen
719 1498 819 1516 cautellam
833 1497 926 1520 decrevit,
941 1501 962 1515 ut
976 1497 1012 1521 ipsi
1027 1497 1068 1515 RR.
1083 1496 1121 1515 Dni
1135 1497 1171 1515 Ar-

264 1526 357 1552 iepiscopi
371 1532 390 1547 et
404 1528 497 1553 Episcopi
511 1532 530 1547 et
543 1528 601 1547 ceteri
616 1528 723 1547 beneficiati
743 1528 832 1547 homines
847 1528 978 1554 cujuscunque
992 1532 1059 1552 status,
1078 1528 1171 1553 praeemi-

271 1638 277 1650 ¹
299 1638 371 1658 quopis
382 1636 427 1658 2716,
438 1641 466 1653 str.
476 1637 544 1657 44—80.
607 1638 614 1649 ²
628 1637 652 1654 Cf.
663 1638 699 1659 849.

269 1665 277 1677 Ι
299 1665 316 1680 Ρ.
328 1667 339 1680 t.
351 1664 444 1684 „Confessio
456 1664 491 1680 fidei
503 1664 605 1683 catholicae&
617 1665 691 1685 nnpisnna
702 1668 749 1685 przez
757 1664 780 1681 St.
788 1663 882 1686 Hozyjuszn,
893 1663 1018 1686 wydrukowana
1026 1669 1047 1686 po
1056 1668 1083 1681 ιἰι
1092 1663 1169 1686 piei-way

298 1695 315 1706 w
327 1690 411 1706 Kmkowie
422 1696 434 1706 r.
445 1690 489 1710 1553,
500 1690 561 1712 poz‘nMj
573 1691 600 1707 ιη’
611 1691 669 1707 bardzo
679 1695 731 1712 nesto
740 1691 900 1713 przedrukuwywnna
909 1692 913 1707 i
922 1696 941 1707 nn
949 1691 997 1707 rdine
1006 1692 1056 1713 jezyki
1064 1691 1170 1708 immunem.

297 1727 335 1741 un
341 1727 406 1740 town-n
414 1727 483 1744 ιιιιιοιιω,
491 1728 536 1740 wmu
544 1727 555 1740 1.
1047 1718 1070 1739 ⁶5
