1465 2093
609 191 750 210 mxswon'nmu
763 195 824 213 mm,
839 195 895 209 mnu.
1183 197 1221 216 ²99

272 245 343 265 literis
358 252 424 265 vacare
439 253 478 265 non
492 253 568 272 semper
582 251 651 272 potest,
667 247 718 266 illam
732 251 796 266 tamen
811 254 847 272 ego
862 254 921 273 rogo,
936 252 957 270 ut
970 248 1011 272 ejus
1025 248 1078 267 istius
1093 249 1119 267 rei
1134 253 1152 267 et
1166 255 1221 268 occa-

274 277 359 296 sionem
372 282 390 297 et
401 282 537 303 argumentum
553 279 691 303 praetermittat
705 279 786 298 nullum.
802 279 822 297 ld
834 279 882 297 mihi
896 283 935 298 tam
950 283 1026 304 gratum
1040 280 1082 303 erit,
1097 286 1154 304 quarn
1167 280 1222 305 quod

275 309 421 333 gratissimum.
436 309 471 328 XV
486 309 585 328 Februarii
600 310 670 328 MDLl.

307 381 356 401 586.
542 383 663 402 Andreae
675 383 685 405 ¹,
698 383 827 407 Episcopo
842 384 964 403 Plocensi.

882 431 991 453 Volboriae,
1008 431 1030 449 15
1044 431 1149 450 Februarii
1164 432 1218 450 1551.

346 465 391 483 Non
413 465 456 484 tulit
470 471 499 484 res
514 465 614 489 hactenus,
634 470 655 484 ut
672 470 747 490 praeter
766 466 870 485 amicitiam
888 471 906 485 et
920 467 1077 492 conjunctionem
1095 473 1139 486 cum
1154 468 1176 486 V.
1197 468 1219 486 R.

283 496 361 519 Dtione,
376 502 434 521 quam
448 503 525 521 semper
538 501 609 515 sartam
623 503 644 516 a:
659 501 728 516 tectam
743 498 864 521 conservavi,
883 498 963 523 aliquod
977 502 1074 523 praeterea
1094 498 1180 517 officium
1195 500 1219 517 ab

283 527 314 546 illa
328 528 445 552 flagitarem,
459 531 561 547 contentus
576 534 628 547 eram
642 528 661 547 in
677 529 728 547 nuda
743 528 802 553 ipsius
817 535 861 553 erga
880 535 911 547 me
926 530 1059 548 benevolentia
1078 530 1220 555 conquiescere.

256 576 260 577 .
283 558 340 577 Nunc
359 559 454 584 ejusmodi
473 559 575 578 intervenit
595 564 681 584 tempus,
701 564 722 578 ut
736 559 821 578 offitium
842 560 898 579 etiam
913 561 937 579 ab
952 561 982 579 illa
997 567 1054 585 cogar
1074 565 1147 585 petere,
1167 562 1220 586 quod

282 596 327 609 sane
341 596 382 608 non
396 590 485 613 facerem,
500 590 536 609 nisi
551 595 569 609 et
583 591 606 609 de
621 591 652 609 illa
667 591 741 615 optime
756 591 803 609 mihi
818 592 959 616 persuaderem,
974 596 992 610 et
1004 592 1126 611 occasionem
1141 593 1219 617 petendi

282 625 320 640 tam
335 621 438 640 honestam
453 622 550 645 haberem,
565 626 587 640 ut
601 628 664 647 neque
679 628 715 647 ego
730 622 814 646 petendu
829 623 915 647 procacis
930 629 1001 642 nomen
1016 623 1144 647 extimescam,
1157 630 1219 649 neque

281 652 313 671 iun
327 652 402 677 profusi
421 653 527 678 largiendo.
549 653 632 672 Romam
650 659 711 678 quum
725 653 745 671 in
759 653 887 678 Episcopams
908 654 1042 673 Cracoviensis
1059 655 1137 679 negotio
1157 655 1219 674 mitte-

281 690 330 708 rem,
346 684 447 703 desiderati
462 688 506 703 sunt
519 685 544 703 ad
558 691 654 704 summam
667 685 721 703 numi
736 685 788 703 aurei
803 685 865 709 mille,
880 685 915 704 hos
930 686 1007 710 publica
1021 686 1162 710 permutatione
1177 692 1219 705 mu-

280 720 337 734 tuum
352 716 423 740 accepi,
437 716 460 734 de
475 716 578 734 reddendis
593 716 649 734 etiam
664 720 738 735 certum
752 720 828 741 tempus
847 717 949 740 constitui,
969 717 988 735 id
1003 717 1055 742 quod
1069 717 1107 742 jam
1122 724 1171 742 pene
1186 718 1219 736 ad-

280 747 340 766 venit.
360 747 402 772 Ego
417 747 433 765 si
446 751 479 765 aut
494 746 598 766 Cracoviae
612 751 657 772 post
671 747 711 766 VV.
726 747 819 766 Dtionum
830 747 838 759 ²
855 748 959 767 discessum
970 748 977 760 ³
994 754 1034 767 non
1049 748 1171 771 mansissem,
1186 753 1219 767 nut

280 784 322 797 non
336 778 412 800 tandiu,
427 784 485 803 quam
500 778 570 801 mansi,
588 778 710 802 mansissem,
730 784 754 797 ne
768 784 804 803 ego
819 779 860 797 sine
874 779 937 797 alieno
952 785 995 798 acre
1009 779 1113 804 potuissem
1134 780 1217 798 Romani

280 809 357 834 negotii
376 809 459 828 rationes
478 809 581 833 sustinet-03
600 810 633 828 sed
648 810 700 834 quod
715 809 785 828 factum
800 814 837 832 est,
852 810 944 829 infectum
959 817 999 829 esse
1014 816 1054 829 non
1068 814 1136 835 potest.
1157 811 1179 829 V.
1194 811 1218 829 R·

280 840 375 859 Dtionem
390 846 447 865 rogo,
467 844 488 859 ut
502 841 549 859 mihi
563 841 587 859 ad
602 841 637 859 hos
656 841 702 861 istos
723 847 767 860 usus
787 847 851 864 meos,
871 841 963 860 honestos
983 847 1028 860 sane
1042 845 1061 860 et
1073 842 1169 865 liberales,
1189 842 1218 861 bis

281 872 334 891 mille
349 871 433 890 florenos
448 872 480 890 det
494 876 590 890 mutuum.
609 872 703 891 Commisi
718 872 763 891 huic
778 872 865 891 servitori
880 878 934 896 meo,
948 872 1032 891 Mathiae
1047 873 1152 896 Lelowski,
1167 873 1217 891 idem

281 903 369 928 pluribus
381 903 444 922 verbis
456 909 477 922 ex
490 903 512 922 V.
525 903 548 922 R.
561 903 632 922 Dtione
646 907 717 928 petere,
732 903 762 922 cui
774 903 818 922 dedi
833 903 890 922 etiam
904 909 973 928 puram
988 910 1083 929 papyrum
1098 904 1161 928 sigillo
1174 910 1217 923 meo

281 934 386 957 munitam,
406 934 425 953 in
441 940 478 959 qua
492 934 624 959 syngraphum
644 934 713 953 confici
733 941 791 959 super
805 934 840 953 hac
854 934 888 953 ista
909 941 984 953 summa
1004 941 1039 959 pro
1054 935 1133 953 arbitrio
1152 935 1218 959 jubeat

280 965 304 984 V.
319 965 343 984 R.
358 965 413 989 Dtio;
432 966 485 990 quod
499 966 515 984 si
529 970 604 984 tantum
618 972 658 984 non
675 970 746 990 potest,
766 970 860 990 quantum
877 970 932 990 peto,
953 970 972 984 at
987 966 1027 990 ejus
1044 966 1091 984 mihi
1108 966 1174 984 saltem
1189 967 1217 985 di-

280 997 364 1015 midium
379 1002 403 1015 ne
417 1000 475 1021 neget
488 996 511 1015 V.
526 997 548 1015 R.
563 996 616 1020 Dtio,
636 997 694 1015 etiam
708 1001 765 1022 atque
780 997 837 1015 etiam
852 1003 929 1022 quaeso.
951 997 1058 1016 Solutionis
1076 1001 1153 1021 tempus
1167 998 1182 1016 si
1197 997 1216 1016 in

280 1034 354 1047 annum
375 1027 456 1052 proferri
471 1033 512 1046 non
525 1032 596 1053 potest,
616 1032 635 1047 at
648 1028 673 1046 ad
689 1028 833 1053 perceptionem
853 1028 920 1047 saltem
940 1028 998 1053 primi
1018 1034 1085 1047 census
1103 1028 1216 1053 proferatur,

279 1060 300 1078 in
315 1065 356 1084 quo
370 1065 410 1077 non
424 1059 499 1082 dubito,
514 1059 536 1078 V.
552 1059 574 1078 R.
593 1059 686 1078 Dtionem
706 1065 759 1078 meae
777 1066 821 1084 erga
835 1065 855 1078 se
869 1060 937 1078 veteris
957 1060 1102 1078 benevolentiae
1122 1060 1216 1078 rationem

278 1090 398 1110 habituram.
412 1090 433 1108 ld
447 1090 500 1115 quod
514 1090 541 1109 illi
552 1091 582 1109 vel
596 1090 653 1109 simili
668 1090 733 1110 officio
748 1095 814 1115 postea
829 1091 859 1109 vel
873 1091 940 1109 ceteris
955 1091 1018 1114 rebus,
1032 1096 1053 1110 ac
1067 1091 1147 1109 fratrum
1162 1097 1216 1110 meo-

277 1128 323 1141 rum
339 1121 435 1146 imprimis
449 1121 550 1146 obsequio,
570 1122 603 1146 qui
618 1128 676 1146 quam
691 1128 728 1146 ego
743 1128 783 1140 non
797 1122 862 1140 minus
879 1122 901 1140 V.
916 1122 939 1140 R.
955 1122 1047 1140 Dtionem
1067 1122 1135 1141 colunt
1149 1126 1167 1141 et
1181 1122 1216 1141 ob—

275 1157 363 1176 servant,
377 1159 470 1178 reponere
483 1159 560 1177 semper
574 1157 592 1172 et
606 1153 677 1172 referre
691 1157 769 1178 paratus
783 1159 822 1172 ero.
838 1153 859 1171 ld
873 1153 898 1171 ita
913 1153 953 1172 fore
971 1157 1074 1178 cognoscet
1088 1153 1110 1172 V.
1125 1154 1148 1172 R.
1163 1153 1216 1177 Dtio,

274 1191 330 1211 quae
345 1190 377 1203 me
391 1184 497 1209 fratresque
512 1190 566 1203 meos
581 1188 637 1208 amet,
652 1188 671 1203 et
685 1184 734 1203 bene
748 1184 814 1203 valeat.
829 1184 940 1208 Volboriae,
954 1184 989 1203 XV
1004 1185 1109 1203 Februarii.

300 1262 352 1282 587.
460 1262 558 1281 Jacobo
568 1262 580 1285 ⁴,
594 1262 723 1286 Episcopo
737 1263 886 1282 Cheli-nansi
901 1264 1041 1287 designato.

881 1310 988 1333 Volburiae,
1003 1311 1028 1329 19
1041 1311 1147 1330 Februarii
1161 1312 1215 1329 1551.

343 1346 385 1364 Etsi
403 1352 460 1370 saepe
474 1346 498 1364 ad
512 1351 543 1364 me
560 1345 618 1364 literis
638 1352 678 1364 non
697 1346 806 1370 vulgarium
826 1346 928 1365 hominum
947 1346 1043 1365 adferatur
1060 1347 1084 1365 de
1101 1347 1215 1372 direptione,

264 1378 346 1398 nescio
362 1383 407 1402 qua,
422 1377 545 1401 praediorum
561 1376 717 1395 Cracoviensium
732 1378 756 1396 ab
770 1377 799 1401 iis,
814 1378 847 1402 qui
862 1384 883 1396 ea
897 1378 968 1396 tuenda
982 1382 1000 1396 et
1015 1379 1135 1402 procuranda
1151 1384 1215 1397 susce-

262 1413 358 1437 perant:
379 1412 442 1427 tamen
463 1415 499 1433 ego
513 1408 532 1427 id
547 1408 594 1427 mihi
614 1408 717 1427 difficulter
736 1409 852 1433 persuadeo,
871 1415 893 1427 ac
910 1409 934 1427 de
948 1408 971 1427 V.
986 1409 1009 1427 R.
1028 1409 1098 1427 Dtione
1120 1409 1215 1434 imprimis

261 1441 331 1462 haud
346 1440 384 1458 alia
398 1446 441 1458 sum
455 1440 555 1464 opinione,
570 1446 627 1464 quam
642 1446 682 1458 esse
694 1446 724 1458 me
737 1440 803 1464 scripsi
818 1440 949 1464 superioribus
963 1440 1029 1458 literis.
1044 1440 1103 1463 Quod
1118 1446 1177 1464 quum
1189 1440 1215 1459 ita

259 1474 304 1496 sit,
324 1475 346 1490 et
362 1477 386 1489 ne
400 1471 420 1489 in
434 1477 454 1489 re
468 1475 533 1489 nostra
548 1471 666 1496 negligentes
681 1471 737 1495 plane
751 1471 860 1495 videamur,
877 1475 922 1496 peto
936 1478 946 1490 a
961 1471 983 1490 V.
998 1471 1021 1490 R.
1037 1472 1116 1494 Dtione,
1134 1476 1155 1490 ut
1170 1477 1214 1490 cau-

258 1511 315 1525 sam
333 1503 386 1521 hanc
400 1508 463 1521 meam
477 1506 521 1527 agat
534 1502 554 1521 in
569 1502 660 1527 Capitulo
670 1503 677 1514 ⁵
694 1502 799 1527 fratresque
814 1509 868 1521 meos
878 1503 885 1515 ¹⁵
902 1507 1035 1526 commoneat,
1050 1503 1075 1521 ita
1090 1503 1146 1521 nobis
1160 1509 1214 1527 prae-

259 1537 301 1556 dia
322 1538 346 1553 ut
363 1533 480 1558 relinquant,
501 1537 522 1552 ut
535 1538 640 1552 sementem
655 1534 684 1552 vel
698 1534 776 1557 faciant,
795 1534 825 1552 vel
839 1534 891 1553 unde
905 1534 946 1553 fieri
961 1534 1039 1558 debeat,
1058 1534 1155 1559 assignent
1168 1540 1213 1559 pro-

307 1614 315 1624 Ι
341 1611 443 1627 Noskownki.
506 1611 513 1622 ²
527 1611 643 1632 Episcoporum
655 1612 673 1627 N.
682 1611 803 1631 Dzierzgowski.
815 1612 833 1626 Α.
841 1612 938 1630 Noskowski,
949 1612 962 1627 J.
974 1612 1062 1631 Dziaduski,
1074 1612 1087 1627 J.
1098 1612 1214 1631 Drohojewski,

341 1638 367 1653 St.
379 1638 424 1653 Hosii
436 1641 451 1653 er
462 1638 479 1652 L.
491 1638 603 1653 Stoficzewski.
1195 1658 1197 1660 ι

305 1666 315 1676 ⁸
341 1665 367 1680 Po
384 1664 470 1684 koronneyi
489 1664 558 1684 Barbnry
570 1668 579 1683 7
590 1664 656 1684 grudnin
670 1663 674 1678 i
688 1664 759 1679 zloieniu
776 1664 825 1679 hardu
842 1668 889 1684 przez
905 1664 967 1684 μυελόν
984 1664 1041 1683 ksiecia
1055 1664 1140 1684 pruskiego
1154 1669 1164 1684 9
1175 1668 1212 1684 gru-

341 1690 380 1706 dnia
390 1689 433 1708 15⁵0,
444 1689 463 1705 cf.
472 1689 584 1710 Appendicern.
637 1690 643 1700 Ι
659 1690 743 1705 υεὴιήεὶιί.
796 1690 803 1700 ⁶
817 1689 922 1706 Cracoviensi.
975 1690 982 1701 Ι
996 1689 1085 1705 eanonicus
1094 1689 1211 1706 Crncovienses.
