1465 2093
586 221 727 236 mmmm
740 222 805 240 mm,
818 221 875 236 unta.
1164 217 1200 242 3¹⁵

281 275 362 300 pnecipit,
374 274 461 293 biberem
473 274 531 293 etiam
543 274 634 297 fortassis,
651 274 701 293 sicut
711 274 811 293 consuevit
825 274 907 292 Polonia
919 274 930 293 '.
945 274 1001 293 Nunc
1013 274 1038 293 ita
1050 278 1069 293 et
1079 274 1130 293 salva
1142 278 1200 299 atque

281 306 336 331 integra
350 306 450 325 Romanae
464 306 560 325 Ecclesiae
575 305 677 324 autoritate
691 305 742 328 vivo,
756 309 775 323 et
785 311 830 324 sane
845 311 889 324 cum
902 306 953 324 bona
968 305 1060 324 Poloniue
1072 306 1127 324 venia
1139 312 1199 331 cogor

283 338 336 360 bibere,
349 338 398 356 sicut
411 337 456 356 licet
469 343 504 362 per
517 337 652 360 valetudinem,
667 343 725 361 quam
739 342 799 361 quum
815 337 876 355 multo
891 337 928 361 jam
943 341 986 355 ante
1000 337 1069 355 scirem
1083 343 1123 356 esse
1138 343 1199 362 usque

283 369 318 387 adeo
334 368 457 392 imbecillam,
477 368 525 387 sicut
544 372 580 391 est,
604 368 708 392 supplicari
727 368 820 392 jusseram
840 367 874 386 SS.
894 367 938 387 Dno
958 368 1038 391 Nostro,
1060 372 1082 386 ut
1100 368 1162 391 cibos,
1184 368 1199 388 si

283 406 319 424 quos
331 400 377 418 forte
391 400 417 418 ob
432 399 560 418 valetudinem
576 399 659 424 tempori
677 400 763 418 insuetos
777 403 846 421 uterer,
863 405 893 417 me
908 399 944 422 uti,
964 403 982 418 et
996 405 1031 424 pro
1046 405 1080 418 sua
1098 400 1200 419 autoritate

283 435 296 450 et
304 437 339 450 cum
350 431 455 456 gratiarum
467 431 543 450 actione
552 431 651 455 permittat
661 434 719 455 atque
728 431 816 455 patiatur,
829 430 954 455 permisitque
966 434 984 449 et
996 434 1024 449 est
1035 436 1108 455 passus,
1120 436 1200 455 eamque

283 466 361 487 praeterea
375 468 431 481 suam
445 462 593 486 permissionem
608 462 627 480 in
642 461 716 486 aliquot
731 462 788 480 etiam
803 461 905 480 familiares
917 467 971 480 meos
983 461 1075 480 extendit.
1091 461 1111 480 ld
1124 461 1148 480 ita
1160 468 1200 481 esse

282 494 370 518 loquuntur
384 494 456 512 literae.
471 494 605 516 Quamobrem
619 493 634 511 si
650 493 762 511 necessitate
775 497 852 511 coactus
866 492 921 515 facio,
937 492 952 511 si
964 492 1060 512 Ecclesiae
1072 493 1199 517 contemptio-

283 531 315 543 nem
326 525 396 543 nullam
411 531 456 549 prae
470 531 501 543 me
516 524 563 547 fero,
578 528 647 549 potero
663 524 688 547 id,
703 528 723 543 ut
737 524 813 549 opinor,
829 524 879 543 bona
894 524 916 543 V.
932 524 955 543 R.
971 524 1047 543 Dtionis
1061 524 1120 549 gratia
1132 524 1199 547 facere,

283 557 322 580 quod
333 556 390 575 etiam
402 562 467 574 meum
479 555 550 574 factum
563 562 603 574 non
615 556 703 574 existimo
715 555 798 580 amplius
810 555 833 574 V.
848 555 870 574 R.
884 555 975 574 Dtionem
987 555 1136 580 appellaturum,
1151 556 1200 575 sieut

282 593 320 606 nunc
331 588 349 606 in
363 587 423 606 literis
434 588 543 612 appellavit,
558 587 606 605 vitae
618 587 772 605 dissolutionem.
788 586 816 605 De
828 586 883 605 ovilis
895 586 1027 605 cracoviensis
1039 593 1095 611 grege
1108 587 1198 606 morbido

282 619 322 643 quod
333 619 397 638 scribit
411 618 434 637 V.
449 618 472 637 R.
487 618 539 641 Dtio,
559 618 575 637 is
589 618 603 637 si
619 618 719 637 morbidus
733 622 770 640 est,
790 624 832 636 mea
846 624 892 636 sane
908 618 1024 642 contagione
1041 618 1143 637 morbidus
1158 624 1197 637 non

282 653 303 668 est
313 650 374 673 factus,
388 656 409 668 ac
425 655 448 668 ne
463 656 504 668 mea
519 650 596 674 quidem
612 649 737 674 negligentia,
752 649 911 674 quandoquidem
925 649 967 667 aliis
981 653 1010 667 est
1023 649 1125 672 hactenus,
1140 655 1198 674 quam

282 686 304 699 me
315 687 356 700 usus
370 681 491 704 Pastoribus,
509 681 563 705 cujus
578 687 628 699 nunc
643 687 687 699 cura
703 686 762 705 quum
778 680 824 699 mihi
841 680 948 703 incumbat,
968 680 1020 698 aliud
1035 680 1120 705 polliceri
1135 687 1198 706 neque

282 718 344 736 possum
359 718 423 737 neque
437 712 489 734 volo,
508 712 559 731 dabo
574 716 638 731 tamen
652 718 741 737 operam,
761 716 781 730 ut
795 712 810 730 si
825 712 897 730 malum
915 712 990 736 penitus
1009 712 1050 730 tolli
1065 718 1105 731 non
1120 712 1196 736 poterit,

281 749 298 762 ne
307 747 365 762 sumat
379 743 524 762 incrementum.
540 744 599 766 Quod
614 743 628 762 si
640 744 664 762 ad
676 749 718 762 eam
730 749 770 762 rem
783 744 837 762 istam
850 743 971 762 autoritatem
984 749 1063 768 quoque
1074 749 1127 762 suam
1139 747 1196 768 atque

280 773 363 799 ingenium
377 775 400 793 V.
416 775 438 793 R.
453 775 499 793 Dtio
519 774 623 793 Cracoviae
643 781 702 799 quum
721 779 770 793 esset
780 775 792 797 ²,
813 774 967 799 interposuisset,
987 778 1006 793 et
1019 774 1104 793 muneris
1119 774 1197 799 quidem

280 805 301 824 sui
311 812 348 824 rem
367 806 451 829 fecisset,
471 810 490 825 et
504 806 551 825 mihi
565 812 609 825 cum
625 806 648 824 de
663 806 768 830 praeteritis
783 810 823 824 tum
839 806 862 824 dc
877 805 1023 824 imminentibus
1043 805 1140 824 laboribus
1155 812 1197 830 per-

280 837 347 856 multum
362 838 479 856 detraxisset.
498 838 543 856 Dno
558 837 683 856 Czechowski
698 837 734 856 hoc
749 843 825 862 genere,
846 843 886 861 quo
901 837 986 861 postulat
1000 837 1022 855 V.
1038 836 1061 855 R.
1076 837 1127 860 Dtio,
1141 837 1198 862 grati-

280 867 319 887 ficari
336 875 376 887 non
391 874 481 893 possum,
502 869 527 887 ita
542 868 592 887 enim
607 873 625 887 et
639 869 766 893 praecessoris
786 868 822 887 mei
838 872 856 886 et
870 875 912 886 mea
932 868 992 892 ipsius
1012 868 1124 887 liberalitate
1138 868 1161 887 de
1176 868 1198 887 iis

278 900 419 923 possessionibus
433 900 551 919 diminutum
566 904 603 922 est,
618 904 639 918 ut
652 900 667 918 si
682 900 725 924 quis
739 900 782 924 plus
796 900 918 922 diminueret,
933 905 973 917 non
988 899 1018 918 ille
1033 899 1146 923 diminuere,
1165 899 1199 918 sed

278 933 327 950 totum
341 931 408 950 tollere
422 931 561 956 Episcopatum
576 931 677 950 videretur.
692 931 824 954 vladislaviae,
838 930 898 949 xxv1
914 930 977 949 Martii
991 930 1061 949 MDLl.

295 1003 335 1024 610.
531 1005 702 1029 Siqismundo
720 1005 841 1028 Augusto
856 1005 925 1028 Regi.

867 1051 1005 1074 ''ludis-lavian
1019 1052 1047 1069 311
1060 1051 1129 1070 Mur-tii
1144 1052 1197 1070 1551.

329 1088 388 1107 Jussis
400 1088 422 1106 V.
434 1088 499 1106 Mtatis
514 1088 533 1107 S.
548 1088 629 1113 obsequi
644 1088 769 1112 praecipuum
785 1094 849 1107 meum
864 1092 892 1106 est
906 1088 997 1110 studium,
1012 1091 1054 1113 post
1066 1094 1108 1106 eam
1119 1087 1198 1112 quidem

271 1125 330 1138 curam
342 1119 412 1142 statim,
426 1125 475 1144 quae
486 1124 504 1138 et
516 1119 607 1144 Episcopi
619 1123 647 1138 est
658 1124 676 1138 et
687 1119 771 1138 hominis
783 1119 880 1138 christiani
892 1119 911 1137 in
924 1119 1030 1144 praeceptis
1042 1119 1116 1138 Divinis
1127 1119 1195 1137 ambu-

270 1150 324 1169 landi.
348 1151 419 1170 Scribit
432 1151 457 1169 ad
471 1157 502 1169 me
522 1151 571 1169 Mtas
591 1151 613 1169 V.
633 1151 658 1174 S„
679 1155 699 1169 ut
719 1150 859 1169 usumfructum
880 1150 1054 1175 Biskupiensium³
1073 1150 1197 1175 praediorum

271 1181 312 1201 Dno
327 1182 436 1201 Castellano
450 1182 560 1207 Vojnicensi
571 1183 577 1194 ⁸
594 1182 708 1204 concedam,
728 1188 785 1207 quem
803 1182 839 1201 sibi
854 1186 872 1201 et
887 1182 930 1200 Rmi
946 1182 1008 1200 fratris
1027 1181 1087 1206 ipsius
1106 1181 1165 1206 gratia
1179 1185 1197 1200 et

269 1213 296 1231 sui
307 1213 366 1238 ipsius
378 1213 450 1232 meritis
461 1213 540 1232 charum
552 1219 592 1231 esse
604 1213 650 1232 dicit
661 1213 681 1231 S.
693 1213 742 1231 Mtas
754 1213 776 1232 V.
788 1213 830 1238 Ego
843 1213 862 1232 S.
875 1213 921 1236 Rex,
933 1213 965 1238 qui
976 1212 1141 1237 Maciejoviorum,
1151 1212 1198 1237 Epi-

268 1245 320 1269 scopi
333 1248 351 1263 et
362 1244 471 1267 castellani,
486 1245 551 1263 merita
564 1245 583 1262 in
595 1244 618 1263 V.
630 1244 650 1263 S.
662 1244 740 1263 Mtatem
753 1249 851 1269 perspecta
868 1245 937 1266 habeo,
952 1244 1036 1269 jucunda
1050 1244 1088 1267 illa,
1102 1248 1123 1262 ut
1134 1243 1199 1262 scribit

268 1276 290 1294 V.
303 1276 359 1299 Mms,
374 1280 393 1294 et
406 1276 485 1294 minime
500 1276 593 1301 vulgaria.
608 1282 719 1300 quanquam
734 1280 752 1294 ct
767 1276 846 1294 memini
861 1280 879 1294 et
894 1276 957 1299 video,
972 1282 1009 1301 qua
1023 1280 1068 1294 sunt
1082 1275 1141 1300 gratia
1155 1274 1198 1299 qui-

268 1307 341 1332 busque
355 1307 474 1326 ornamentis
488 1314 498 1325 a
513 1307 535 1326 V.
550 1307 569 1325 S.
584 1308 642 1326 Mtate
657 1312 788 1330 remuneratr,
807 1312 872 1326 tamen
885 1307 930 1332 quia
945 1313 1013 1326 omnes
1027 1313 1059 1325 eos
1073 1306 1198 1325 vehementer

267 1345 318 1361 amo.
333 1338 365 1363 qui
379 1338 402 1357 V.
417 1338 472 1357 Mtati
486 1338 543 1357 fidem
558 1339 706 1363 servitutemque
721 1340 775 1357 suani
790 1339 927 1364 probaverunt,
941 1339 977 1357 dici
992 1344 1032 1357 non
1047 1342 1116 1362 potest,
1136 1343 1195 1362 quam

265 1370 349 1393 doleam,
363 1376 395 1388 me
409 1370 428 1388 in
443 1370 480 1388 hoc
493 1376 563 1395 genere
575 1376 637 1395 neque
652 1371 715 1389 Mtatis
728 1370 750 1389 V.
762 1370 850 1395 imperioy
865 1376 927 1395 neque
939 1370 1009 1394 optatis
1024 1369 1061 1388 Dni
1075 1368 1195 1393 Vojnicensis

265 1407 330 1426 neque
343 1407 397 1420 meae
411 1401 471 1426 ipsius
485 1402 577 1420 voluntati
592 1402 677 1426 potuisse
691 1402 805 1420 satisfacere.
820 1401 869 1420 Nam
881 1407 941 1426 quum
960 1401 1040 1420 :iderem
1053 1400 1132 1419 fratrum
1144 1406 1197 1418 meo-

264 1439 315 1455 rum,
330 1432 380 1451 inter
393 1438 443 1457 quos
456 1433 513 1451 etiam
528 1433 618 1457 Casparis
628 1434 635 1445 ·'·
648 1434 695 1458 ejus,
709 1433 742 1458 qui
757 1437 786 1452 est
799 1433 818 1452 in
833 1433 875 1452 aula
891 1433 913 1452 V.
928 1433 947 1452 S.
962 1433 1033 1455 Mtati:v
1048 1438 1087 1450 non
1101 1431 1197 1450 minorem

264 1470 305 1483 :sse
321 1463 381 1482 fidem
394 1464 414 1482 iu
428 1464 451 1482 V.
465 1464 554 1487 Mtatem,
575 1470 632 1489 quam
648 1465 761 1489 cujusquam
776 1464 869 1487 hominis,
890 1468 908 1483 et
922 1470 982 1489 quum
996 1464 1110 1488 cogitarem,
1129 1463 1196 1482 iisdem

264 1495 374 1514 ustionibus
385 1495 456 1513 servire
466 1501 510 1514 cum
523 1495 611 1514 fratribus
623 1495 646 1514 V.
656 1496 717 1519 Mtati‚
729 1496 799 1521 quibus
811 1496 917 1515 rationibus
926 1495 1002 1514 servivit
1014 1500 1125 1520 praecessor
1136 1500 1198 1517 meus,

265 1526 342 1546 revinxi
363 1526 399 1545 hoc
419 1526 532 1545 beneficiolo
551 1526 655 1552 Casparem
675 1527 762 1551 fratrem,
783 1532 804 1546 ut
820 1527 900 1552 praedio
920 1527 956 1546 isto
976 1526 1108 1551 Biskupicensi
1128 1530 1197 1548 utatur,

264 1563 344 1579 matur.
370 1556 432 1583 Spero
445 1562 519 1581 autem,
539 1558 562 1576 V.
577 1558 596 1577 S.
611 1559 691 1577 Mtatem
706 1559 743 1578 hoc
758 1565 802 1577 meo
816 1559 904 1577 instituto
918 1558 1012 1577 offensum
1028 1564 1067 1577 non
1081 1557 1112 1580 iri,
1131 1557 1146 1576 si
1161 1562 1197 1582 pro

292 1638 298 1648 Ι
325 1636 351 1652 Cf.
365 1636 380 1651 in
393 1636 484 1656 Appendice
495 1637 592 1657 lmtrukeyiq
602 1642 611 1652 ι
622 1638 662 1657 maja
674 1643 687 1652 r.
701 1637 744 1655 1551,
756 1643 770 1652 w
781 1638 831 1657 kthrfij
843 1642 903 1656 πνινιι,
917 1637 957 1657 jnkie
968 1637 1000 1658 pm!
1015 1640 1048 1657 tym
1063 1636 1149 1656 wzglzdem
1163 1640 1197 1651 sam

326 1666 392 1682 prymu
402 1662 444 1682 iyeie
456 1663 548 1683 prowadzil.

289 1690 298 1701 a
326 1688 392 1703 ineunte
403 1688 486 1703 Decembri
499 1688 543 1704 1350.
607 1689 614 1699 ἱ
635 1690 723 1710 ΒὶιΙωρία,
734 1690 798 1710 pnrafija
810 1691 842 1711 poa
854 1690 928 1710 naar-nia,

288 1717 297 1727 Δ
325 1714 406 1729 §midan
417 1714 529 1734 Maeiejmnki,
540 1714 583 1731 fratri
596 1716 670 1737 Episcopi
682 1716 766 1733 Samuelis.
829 1717 836 1727 ὓ
857 1716 984 1738 zebrzydomki.
