1465 2093
534 207 674 221 ama-romeu
687 207 750 224 mam,
764 206 829 220 unm.
1107 200 1144 225 387

204 259 315 282 officiorum
330 265 391 284 genus
405 259 500 283 pertinere
522 258 614 277 videatur.
635 258 663 277 De
678 258 771 283 Magistro
788 258 884 277 Simone¹
906 258 960 276 valde
975 258 1032 276 doleo
1052 263 1092 276 rem
1107 257 1143 276 huc

207 294 320 314 pertractam
341 296 393 313 esse,
413 296 452 315 quo
468 294 559 314 pertracta
576 294 611 313 est,
632 290 703 308 etenim
717 290 732 308 si
747 289 781 308 feci
803 293 858 308 antea
878 289 970 307 arbitram
984 288 1007 307 V.
1023 289 1045 307 R.
1060 288 1144 311 Dtionis,

206 325 227 340 ut
239 328 316 340 causam
332 322 391 346 ipsius
406 322 429 340 ad
444 325 534 340 semestre
548 327 680 345 prorogarem,
695 321 781 339 fecissem
793 320 880 345 profecto
894 320 964 339 deinde
978 324 1047 344 sponte
1059 326 1108 343 mea,
1120 324 1140 338 ut

207 359 274 371 causae
289 352 342 371 istius
356 359 402 371 suae
417 353 488 371 exitum
502 352 559 371 talem
577 352 664 375 haberet,
683 352 759 376 qualem
773 352 837 375 vellet,
855 352 869 370 si
885 352 946 370 modo
966 351 1040 370 fecisset
1059 351 1107 376 ipse,
1121 355 1142 369 ut

206 390 226 402 se
242 384 298 402 nobis
313 384 336 402 ad
351 384 402 403 diem
422 384 502 402 sisteret.
523 384 582 406 Quod
598 383 642 408 quia
662 389 700 402 non
715 383 768 406 fecit,
788 383 824 402 hoc
843 383 919 408 gravius
939 383 1042 407 deliquisse
1062 382 1142 405 videtur,

208 421 247 434 non
262 415 300 440 jam
315 415 371 434 nobis
386 415 437 441 (quis
452 419 480 434 est
494 415 545 433 enim
560 415 579 433 in
594 420 613 433 re
627 421 661 433 sua
676 421 706 433 me
721 414 809 439 facilior),
829 415 862 433 sed
876 414 985 433 Venerabili
1001 413 1092 438 Capitulo
1107 419 1142 432 no-

208 451 254 470 stro,
269 447 322 471 quod
336 450 396 465 status
410 447 450 465 dies
465 452 526 471 quum
540 446 623 468 adesset,
638 452 677 464 non
692 446 759 470 procul
773 446 848 470 uspiam
863 449 934 470 ageret,
948 446 981 464 sed
996 452 1020 464 ne
1034 446 1080 470 ipsis
1094 451 1142 469 pene

208 478 268 497 oculis
283 478 352 496 nostris
366 481 478 501 versaretur,
493 481 514 496 ut
528 477 584 502 plane
599 477 691 500 videatur,
706 483 745 495 non
759 481 798 495 tam
813 477 851 495 ulla
865 477 901 495 alia
913 477 937 495 de
949 483 1010 500 causa,
1025 482 1083 501 quam
1096 482 1141 495 con-

206 510 314 534 temptione
329 513 347 528 et
361 509 478 534 dispicientia
499 509 590 533 judicium
611 513 698 527 nostrum
713 508 806 527 vitavisse.
827 508 893 533 ltaque
912 508 1022 533 gravissime
1042 507 1142 526 contendit

205 547 216 559 a
232 541 289 559 nobis
304 540 423 565 Capitulum,
437 546 461 558 ne
476 540 524 558 hanc
539 543 611 558 tantam
626 539 710 562 hominis
725 539 862 558 contumeliam
877 539 980 563 patiamur,
1000 539 1019 557 in
1034 545 1091 564 quern
1106 539 1141 557 ho-

203 571 277 590 minem
293 577 332 596 quo
346 572 408 595 major
427 575 492 589 nostra
510 571 570 596 gratia
590 571 650 589 extitit
667 574 686 589 et
705 571 838 589 benevolentia
857 577 913 589 causa
932 571 991 595 ipsius
1010 570 1142 595 proroganda,

204 603 242 621 hoc
257 602 328 621 sactum
348 603 407 627 ipsius
422 602 508 621 acerbius
528 602 626 626 apparuit,
646 602 699 626 quod
713 608 733 620 se
747 602 771 620 ad
786 602 837 620 diem
852 608 891 620 nnn
906 602 980 620 stiterit.
1003 602 1028 620 Et
1041 605 1105 620 tamen
1120 605 1140 619 ut

203 637 308 658 eognoscat
322 633 344 652 V.
360 633 382 651 R.
397 633 449 656 Dtio,
464 639 552 658 magnam
568 639 608 652 esse
622 639 632 651 a
647 639 677 651 me
692 633 720 651 sui
735 633 819 652 habitam
834 633 938 656 rationem,
959 633 1012 651 effeci
1027 633 1091 651 multis
1106 633 1139 651 ad-

203 665 336 688 versantibus,
350 668 371 683 ut
385 671 462 683 causam
482 664 588 683 etiamnum
608 664 714 689 proferrem
728 664 752 683 ad
770 671 814 683 eum
834 665 895 688 diem,
916 664 949 689 qui
969 664 1042 689 primus
1062 664 1097 683 erit
1117 670 1139 682 ex

203 697 273 715 diebus
293 696 345 714 festis
360 700 403 720 post
417 696 536 720 Epiphanias
545 696 558 714 Ἰ.
579 696 648 714 Jubeat
662 695 720 720 igitur
734 696 757 714 V.
772 696 795 714 R.
810 696 865 719 Dtiu,
883 695 982 714 hominem
997 695 1021 714 ad
1035 695 1087 714 diem
1106 695 1138 713 ad-

203 733 251 750 esse,
266 731 293 749 ut,
308 733 357 752 quae
371 733 390 746 se
405 727 499 746 facturum
513 727 537 745 ad
553 731 640 746 nostrum
655 727 739 745 tribunal
753 727 833 752 recepit,
847 727 943 746 conficiat.
958 727 1028 745 Datum
1043 726 1087 745 XIX
1102 726 1139 745 De-

205 759 295 780 cembris,
312 758 422 777 Cracoviae.

229 830 274 851 732.
538 832 655 855 Gasparo
670 831 784 855 Sheredy
795 832 807 850 ³.

782 879 898 901 Cracouiac,
912 879 940 896 20
953 879 1069 898 Decembris
1084 880 1138 898 1551.

268 915 314 933 Esse
334 921 410 933 mecum
429 914 451 933 V.
475 915 502 933 lll.
522 915 589 933 Mtiam
607 915 626 934 in
641 915 737 933 vicinitate
759 915 817 933 audio
839 918 857 933 et
870 915 931 933 laetor
952 915 1067 939 plurimum;
1089 915 1140 934 dabo

203 950 268 965 autem
283 952 362 965 omnem
376 952 462 971 operam,
476 950 498 965 ut
512 946 558 965 haec
573 946 607 965 ista
621 946 707 965 vicinitas
721 946 771 965 inter
785 952 821 965 nos
835 946 904 965 officiis
921 950 970 965 sarta
989 950 1078 971 tectaque
1097 952 1140 971 per-

204 981 289 1000 maneat,
304 977 356 1002 quod
371 977 448 1002 quidem
463 983 494 996 me
508 977 581 1000 attinet,
597 984 640 996 nam
653 978 676 996 de
688 977 711 996 V.
723 983 802 1002 quoque
817 977 843 996 lll.
856 977 902 996 Mtia
917 978 968 996 idem
981 977 1028 996 mihi
1040 978 1139 1002 polliceor.

204 1009 266 1031 Quod
281 1014 342 1033 quum
356 1008 381 1026 ita
396 1008 425 1031 sit,
440 1008 524 1031 confido,
539 1008 561 1027 V.
576 1008 604 1027 lll.
619 1008 686 1026 Mtiam
700 1009 729 1032 jus
743 1008 790 1026 mihi
805 1009 828 1027 de
840 1008 862 1027 iis
877 1014 917 1027 esse
931 1009 1033 1032 dicturam,
1047 1009 1081 1033 qui
1092 1009 1139 1027 mihi

204 1044 232 1059 ter
247 1043 325 1058 centum
346 1045 391 1058 oves
405 1045 428 1058 ex
442 1039 594 1058 Mussinensibus
614 1039 660 1058 meis
678 1039 832 1064 possessionibus
842 1040 849 1052 ⁴
868 1039 954 1064 abegisse
968 1040 987 1058 in
1002 1040 1025 1058 V.
1040 1039 1067 1058 111.
1082 1040 1139 1058 Mtiae

203 1071 298 1089 ditionem
314 1071 410 1094 dicuntur,
424 1076 471 1095 quas
486 1077 531 1089 oves
546 1075 567 1089 ut
581 1071 637 1089 nobis
652 1071 675 1089 ab
691 1070 713 1089 iis
727 1071 805 1089 mandet
821 1071 894 1089 restitui
909 1071 931 1089 V.
947 1071 973 1089 Ill.
989 1071 1041 1094 Mtia,
1056 1071 1093 1090 hoc
1108 1077 1139 1090 me

202 1102 276 1121 facilius
297 1102 443 1126 impetraturum
464 1101 551 1124 confido,
571 1102 623 1126 quod
647 1101 694 1120 mihi
714 1102 771 1126 plane
791 1102 908 1126 persuadeo,
928 1102 987 1121 inscia
1005 1102 1027 1121 V.
1048 1102 1075 1121 111.
1093 1102 1139 1121 Mtia

202 1133 280 1151 abactas
295 1139 326 1151 eas
340 1133 403 1151 fuisse.
419 1132 439 1151 Si
453 1133 500 1157 quid
518 1133 553 1151 erit
567 1139 655 1157 quoque,
670 1133 723 1157 quod
738 1139 768 1151 me
783 1139 816 1152 sua
831 1139 887 1152 causa
902 1133 921 1151 in
936 1133 972 1152 hoc
987 1133 1055 1158 Regno
1071 1137 1138 1152 nostro

201 1164 257 1183 volet
276 1164 337 1183 facere
351 1164 374 1182 V.
389 1164 415 1182 lll.
430 1164 486 1186 Mtia‚
506 1164 554 1182 nihil
569 1164 654 1189 negabo,
668 1164 683 1183 si
698 1164 745 1182 mihi
760 1164 779 1182 id
794 1168 885 1189 negatum
900 1170 938 1183 non
954 1170 1003 1188 esse,
1024 1165 1077 1189 quod
1092 1165 1138 1189 legi-

200 1196 249 1214 time
264 1199 316 1219 peto,
331 1201 447 1220 cognovero.
468 1195 595 1219 Capitaneum
610 1199 673 1214 autem
689 1195 739 1214 hunc
754 1201 830 1219 meum,
845 1195 877 1214 ubi
891 1202 941 1220 opus
956 1196 999 1218 erit,
1013 1196 1065 1220 juvet
1079 1196 1138 1221 gratia

200 1231 219 1246 et
234 1226 337 1245 autoritate
358 1232 392 1245 sua
406 1226 428 1244 V.
444 1226 471 1245 111.
486 1226 541 1249 Mtia,
561 1232 640 1251 quaeso.
660 1226 738 1245 Interim
759 1227 833 1251 optime
848 1227 913 1245 valeat.
937 1227 1007 1245 Datum
1028 1227 1138 1249 Cracoviae,

199 1258 237 1276 XX
253 1257 365 1276 Decembris
380 1257 450 1276 MDLl.
464 1264 466 1266 ·

227 1335 274 1354 733.
329 1336 512 1359 Christophoro
526 1336 702 1358 Zaborowski,
717 1336 826 1355 Officiali
841 1336 1017 1356 Radomiensi,

818 1383 934 1406 Cracovi'ae,
949 1384 960 1401 1
973 1383 1066 1402 Ianuarii
1080 1384 1136 1402 1552.

266 1419 359 1444 Exigendi
379 1419 445 1438 tributi
464 1419 483 1437 in
501 1419 598 1438 Decanatu
619 1419 744 1438 Radomiensi
764 1419 794 1437 cui
814 1419 863 1438 vices
883 1425 926 1438 suas
946 1420 1063 1438 commiserit
1083 1420 1138 1438 Dnus

195 1450 326 1473 Slomowski,
341 1450 432 1469 hactenus
448 1450 571 1474 nescivimus,
591 1457 651 1475 quum
666 1451 712 1469 haec
727 1450 778 1469 enim
795 1451 907 1475 agebantur,
928 1451 1024 1470 abfuimus
1044 1451 1137 1470 Cracnvia

195 1483 217 1502 in
235 1482 352 1506 Ducatuque
368 1485 434 1499 nostro
450 1481 556 1500 Severiensi
571 1482 699 1500 versabamur.
721 1481 760 1504 Qui
775 1482 862 1506 profecto
876 1482 891 1501 si
906 1486 1015 1506 praesentes
1030 1482 1138 1506 fuissemus,

191 1513 251 1540 passi
274 1518 358 1531 essemus
378 1519 491 1537 nunquam,
506 1516 527 1531 ut
541 1512 583 1537 quis
597 1512 645 1531 alius
660 1513 679 1531 in
694 1512 731 1531 hoc
748 1519 817 1537 genere
837 1513 954 1537 praeferatur
968 1513 990 1531 V.
1005 1513 1064 1536 Ftati‚
1078 1519 1137 1538 quam

191 1551 241 1568 nos,
258 1543 335 1568 egregia
349 1544 372 1562 de
387 1543 427 1568 ipsa
439 1544 465 1562 111.
475 1544 512 1562 Dni
527 1543 629 1562 Castellani
644 1543 778 1562 Cracoviensis
788 1544 795 1555 ⁵
809 1544 940 1563 testificatione
955 1545 1044 1569 permoti,
1056 1548 1074 1563 et
1086 1544 1135 1563 Offi-

189 1576 254 1597 cialis
277 1580 357 1593 munere
377 1575 454 1599 dignam
477 1575 609 1599 judicavimus.
632 1575 709 1594 Fecerat
723 1575 759 1594 hoc
774 1579 838 1594 autem
857 1576 912 1594 Dnus
935 1576 1060 1599 Slomowski,
1080 1580 1101 1594 ut
1115 1582 1138 1595 eo

231 1676 236 1687 ¹
264 1675 284 1689 de
297 1674 381 1689 Wieliczka
396 1674 500 1693 „lineretieo“,
513 1674 532 1689 cs.
544 1674 658 1694 Appen-licem.
721 1674 728 1684 ’-“
742 1674 752 1689 ‹·›
763 1674 830 1689 januarii
845 1674 888 1690 1552.

228 1703 237 1713 ²
264 1700 348 1720 Hungaro.
412 1700 418 1710 Ι
434 1700 458 1715 Cf.
470 1700 505 1720 594.
568 1700 575 1710 ⁵
589 1700 652 1715 loannis
663 1700 763 1716 Tarnowski.
