1465 2093
533 200 673 215 mmmmm
686 201 748 220 mm,
761 201 819 215 mm.
1108 196 1130 220 36
1136 202 1141 214 ι

235 283 281 303 688.
431 284 544 306 Nicolao,
558 285 761 308 Archiepiscopo
775 285 927 304 GnesnensL

820 332 936 355 Cracoviae,
950 332 977 350 27
990 331 1074 357 Augusti
1088 332 1142 350 1551.

274 368 361 391 Gaudeo,
371 374 399 387 res
414 374 466 386 meas
477 372 517 386 tam
528 374 585 387 curae
599 374 639 387 esse
649 368 671 387 V.
681 369 704 387 R.
717 368 773 392 ptari,
782 372 804 387 ut
815 369 873 387 etiam
885 369 908 387 de
920 369 1002 387 adventu
1015 374 1059 387 meo
1074 367 1143 387 Crato-

209 399 261 418 viam
281 400 417 424 gratulandum
431 400 468 418 sibi
483 406 522 418 esse
536 400 636 424 putaverit.
655 400 698 425 Ego
712 406 757 419 sane
772 400 787 418 is
801 406 855 424 sum,
869 400 903 425 qui
917 399 939 418 V.
953 399 1037 419 vicissim
1057 399 1079 418 R.
1094 399 1144 418 Ptati

208 431 348 454 valetudinem,
362 431 477 452 felicitatem.
492 437 549 450 omne
564 431 637 450 bonum
652 438 674 450 ex
688 431 753 450 animo
770 431 834 455 faveo,
854 437 955 456 meamque
969 432 992 450 ad
1007 437 1065 450 omne
1084 437 1144 456 genus

208 462 269 481 officii
284 462 425 481 observantiam
440 462 513 481 defer0.
527 462 576 481 Veni
590 462 629 481 huc
643 462 684 481 Deo
698 462 758 487 gratia
772 462 804 486 ita,
824 466 845 481 ut
858 463 931 482 amicos
945 463 1009 487 plures
1029 463 1096 481 obvios
1110 462 1144 481 ha-

209 493 293 516 buerim,
308 499 365 518 quam
380 494 469 518 putarim,
485 494 548 518 plures
563 494 620 512 etium
635 493 735 512 habiturus
749 494 825 517 fuerim,
839 494 854 512 si
866 498 943 519 tempus
954 494 1079 513 constitutum
1091 497 1144 512 ante-

208 529 283 543 vertere
299 524 373 549 magnis
388 525 495 543 rationibus
510 529 586 544 coactus
598 531 637 543 non
650 524 734 543 fuissem.
749 525 849 544 Novorum
862 531 885 544 ex
897 525 1000 544 Lithuania
1015 525 1063 544 nihil
1073 525 1144 550 accepi,

209 559 287 580 praeter
305 556 336 574 illa
351 562 373 574 ex
387 556 522 579 Cubiculario,
543 562 592 581 quae
612 556 679 575 eadem
693 562 713 574 se
727 562 806 581 quoque
825 556 920 581 accepisse
940 556 1004 575 scribit
1018 556 1040 575 V.
1056 557 1078 575 R.
1093 556 1144 580 Ptas,

208 587 293 606 arbitror
307 591 381 610 autem,
401 594 432 606 me
446 588 561 612 propediem
575 594 615 606 esse
630 592 762 612 accepturum,
782 588 861 606 redituri
875 591 920 606 sunt
934 588 984 607 enim
999 588 1051 607 illinc
1065 588 1143 613 quidam

209 625 232 638 ex
247 619 325 638 nostris.
340 618 451 642 Cracoviae,
466 619 535 638 XXVII
550 619 639 644 Augusti.

235 691 282 711 689.
406 692 503 711 Joanm
514 692 667 715 Wyssooki,
684 692 782 712 Abbati
796 692 926 712 Lendensi
937 692 948 712 ¹,

818 740 934 763 Cracoviae,
948 740 975 758 27
988 740 1073 765 Augusti
1087 740 1141 759 1551.

273 776 310 795 Hic
325 780 352 795 est
366 776 406 799 ille,
426 782 483 801 quem
499 776 521 795 V.
540 776 589 795 Ftati
610 776 745 795 Petricoviae²
765 776 788 795 ad
808 776 913 795 Ecclesiam
933 776 1144 795 Grodziszoviensem³

207 807 355 831 commendavi,
369 812 387 826 et
401 807 432 826 hic
446 811 474 826 est
488 808 528 831 ille,
548 814 606 832 quem
620 814 640 826 se
654 814 695 826 mea
710 813 765 826 causa
780 808 804 826 ad
819 814 860 826 eam
874 807 979 827 Ecclesiam
994 814 1035 827 esse
1049 808 1143 827 admissu-

207 845 250 857 ram
263 839 286 857 V.
297 839 341 857 Ftas
351 839 464 864 spopondit.
478 839 572 858 Admittat
586 845 630 858 eum
645 839 709 864 igitur,
722 843 741 858 et
754 845 799 858 sane
813 843 835 857 ut
848 839 942 863 admittat,
954 843 972 858 et
983 839 1072 864 promissi
1083 839 1144 864 ipsius

206 870 317 889 constantia
331 870 403 895 flagitat
420 874 438 889 et
457 877 492 895 ego
506 875 558 895 pero.
573 870 607 889 Vir
621 874 655 894 est,
670 874 691 889 ut
704 870 801 895 intelligo,
815 870 878 889 bonus
893 875 911 889 et
925 874 1018 889 maturus.
1033 870 1143 894 Cracoviae,

206 901 279 920 XXVII
296 902 383 926 Augusti.

235 974 281 994 690.
451 976 624 1001 ferdinando,
638 976 821 995 Romanorum
835 976 904 999 Regi.

815 1022 930 1045 Cracoviae,
945 1022 972 1041 28
985 1023 1070 1047 Augusti
1083 1023 1139 1041 1551.

273 1059 390 1084 Quanquam
410 1059 514 1084 contigerat
529 1060 575 1078 mihi
591 1059 671 1084 quidem
687 1059 758 1077 Divino
772 1065 861 1082 munere,
876 1063 897 1077 ut
911 1063 954 1077 ante
968 1059 1041 1083 aliquot
1059 1065 1120 1077 annos
1128 1059 1142 1082 ⁴,

208 1096 270 1115 quum
286 1090 378 1115 Legatum
392 1097 402 1109 a
418 1091 467 1109 Divo
481 1091 528 1109 olim
543 1091 594 1116 Rege
609 1095 675 1109 nostro
689 1091 713 1109 ad
728 1090 747 1109 S.
762 1091 841 1109 Mtatem
856 1090 878 1109 V.
893 1096 976 1115 agerem,
990 1092 1087 1115 Augustos
1100 1090 1142 1108 vuI-

209 1125 239 1140 tus
254 1121 277 1140 V.
292 1121 311 1140 S.
326 1121 390 1140 Mtatis
405 1122 537 1146 cognoverim:
556 1126 621 1141 tamen
636 1123 688 1147 quod
703 1122 749 1140 mihi
769 1128 846 1146 semper
860 1122 922 1140 doluit
936 1125 954 1140 et
968 1122 1021 1140 dolet
1040 1121 1143 1140 vehemen-

209 1157 244 1176 ter,
259 1153 334 1171 nullum
346 1153 381 1172 hoc
394 1153 436 1178 ipso
448 1153 505 1172 etiarn
520 1157 607 1178 tempore
621 1153 692 1172 servitii
710 1159 771 1178 genus
785 1160 816 1172 me
830 1153 944 1177 praestitisse
963 1153 1042 1171 memini
1057 1152 1076 1171 S.
1088 1152 1144 1171 Mtati

209 1184 231 1203 V.
246 1184 284 1203 tale
298 1185 415 1209 praesertim,
430 1185 482 1209 quud
496 1185 556 1210 ipsius
571 1185 594 1203 V.
609 1185 673 1203 Mtatis
687 1191 732 1209 erga
746 1191 777 1203 me
791 1185 851 1210 gratia
863 1189 881 1203 et
893 1185 992 1203 clementia
1006 1184 1088 1209 dignum
1102 1190 1142 1203 esse

209 1216 269 1234 videri
284 1216 383 1240 potuisset.
403 1216 451 1234 Nam
466 1216 519 1240 quod
534 1216 602 1234 abilin
620 1216 704 1240 rediens,
724 1216 840 1241 singularem
860 1216 991 1241 prudentiam,
1011 1215 1143 1234 incredibilem

207 1247 349 1266 humanitatem
368 1251 478 1272 ceterasque
497 1247 548 1266 illius
562 1247 631 1272 Regias
646 1248 724 1266 virtutes
738 1254 839 1272 nunquam
857 1254 920 1272 neque
934 1248 986 1272 apud
1006 1247 1142 1266 Serenissimos

206 1278 317 1303 Principes,
336 1284 398 1303 neque
413 1279 465 1303 apud
478 1279 568 1303 aequales
581 1285 645 1302 meos,
660 1285 722 1304 neque
736 1280 817 1298 omnino
832 1285 893 1304 usque
908 1279 970 1297 destiti
990 1279 1108 1303 praedicare,
1122 1278 1143 1296 id

206 1316 244 1334 ego
259 1310 338 1334 quidem
354 1314 444 1334 tanquam
459 1310 546 1328 debitum
561 1310 610 1328 iilius
624 1310 688 1328 virtuti
703 1310 835 1329 testimonium
850 1310 945 1335 praestiti.
962 1310 1039 1335 gratuiti
1054 1309 1142 1334 obsequii

205 1341 256 1360 nihil
271 1341 355 1360 exhibui.
375 1341 401 1359 Et
413 1345 477 1360 tamen
492 1341 541 1359 Mtas
556 1341 578 1359 V.
594 1341 613 1359 S.
628 1341 682 1366 quasi
700 1348 739 1360 non
757 1346 846 1360 contenta
866 1342 940 1366 magnis
954 1345 972 1360 et
987 1341 1087 1365 praeclaris
1106 1340 1142 1359 illis

203 1372 287 1395 officiis,
307 1372 379 1397 quibus
393 1379 432 1396 rne,
447 1373 502 1391 isthic
516 1373 564 1391 dum
577 1379 648 1396 essem,
668 1377 762 1396 onerarat,
783 1379 832 1392 nova
846 1379 877 1391 mc
892 1373 948 1391 ctiam
969 1372 1028 1397 grazia
1048 1372 1141 1396 novisque

201 1403 354 1423 benevolentiae
376 1403 549 1428 significationibus
563 1403 599 1422 sibi
614 1410 654 1422 esse
674 1404 813 1423 cumulandum
833 1404 952 1423 existimavit.
975 1404 1031 1422 Dedit
1053 1403 1103 1422 enim
1118 1403 1141 1421 ad

198 1442 235 1455 me
250 1434 347 1460 proximis
360 1435 428 1453 diebus
441 1435 505 1453 literas
519 1435 643 1454 humanitatis
657 1435 784 1460 plenissimas,
799 1435 869 1460 quibus
884 1442 914 1454 me
929 1439 973 1460 post
987 1435 1078 1460 adeptum
1091 1435 1141 1453 hunc

197 1466 359 1487 Cracoviensem
377 1466 515 1491 Episcopatum
535 1466 639 1486 clementer
658 1467 739 1486 salutare
759 1467 858 1492 dignetur,
879 1471 985 1492 optareque
1005 1467 1071 1489 etiarn,
1091 1470 1112 1485 ut
1126 1466 1141 1485 is

194 1500 271 1519 honos
285 1501 352 1516 noster
363 1501 382 1516 et
393 1497 428 1516 Dei
441 1498 514 1522 gloriae
528 1498 603 1521 serviat,
618 1502 636 1517 et
647 1498 704 1517 nobis
716 1498 795 1517 feliciter
809 1499 869 1517 cedat.
884 1498 951 1516 Effecit
962 1504 1007 1516 sane
1018 1497 1041 1516 V.
1053 1497 1072 1516 S.
1085 1497 1140 1520 Mtas,

193 1535 220 1550 ut
236 1535 304 1555 quum
323 1529 377 1554 prius
395 1529 442 1547 nihil
456 1535 487 1548 me
501 1530 525 1548 de
539 1530 570 1548 illa
590 1530 680 1548 meritum
701 1536 741 1548 esse
761 1529 895 1554 judicaverim,
914 1535 966 1548 nunc
986 1529 1051 1548 omnia
1069 1534 1099 1547 me
1114 1528 1140 1547 illi

233 1621 240 1632 ¹
267 1619 295 1634 0d
308 1623 317 1634 2
329 1619 369 1638 ¹¹¹¹i¹
380 1623 393 1634 r.
406 1618 443 1634 2551
456 1624 477 1639 po
488 1618 544 1639 opacie
555 1618 639 1639 Henrykm
652 1619 665 1634 J.
677 1618 753 1639 Wysocki
765 1619 792 1639 by!
803 1619 883 1639 przedtcm
897 1618 997 1634 knnonikicrn
1012 1618 1140 1639 gniclniefiskim.

267 1644 363 1661 (ἤπια-,Η
374 1649 389 1660 w
399 1645 498 1665 aniqtniku
509 1645 554 1665 relig.
566 1645 622 1661 morat.
634 1650 646 1661 r.
660 1644 703 1664 1846,
714 1645 729 1660 Χ
741 1645 770 1660 522
782 1645 786 1660 i
798 1650 813 1661 n.
977 1666 981 1672 ι

230 1673 239 1685 2
266 1672 293 1687 Νι
304 1671 379 1692 synodzie
390 1671 425 1686 dni:
436 1671 447 1686 8
457 1676 527 1687 czerwcn
538 1671 543 1686 i
554 1676 580 1688 rm.
643 1672 650 1682 ¹
665 1671 698 1686 Sic!
710 1671 835 1687 Grodtiszczko?
846 1671 912 1692 pnrnfija
923 1672 962 1687 kolo
974 1672 1031 1693 Stody.

229 1700 239 1711 ι
266 1699 288 1713 Α.
302 1697 347 1717 1543,
357 1697 377 1713 cf.
389 1698 502 1718 Appendicem.

265 1734 305 1747 Aa·
311 1734 377 1747 nma-
384 1734 453 1751 mua,
461 1735 505 1748 wau
512 1735 522 1747 1.
1017 1726 1042 1750 4⁶
