1465 2093
607 199 748 214 :ms-romum
760 200 822 218 ntem,
835 200 892 214 unm.
1184 201 1204 220 3¹
1211 201 1217 213 x

276 255 372 275 venerat,
391 252 453 271 isthuc
467 251 608 276 proficiscatur,
622 252 693 277 detque
707 258 795 277 operam,
810 258 834 270 rie
848 252 873 270 ob
888 252 946 270 unius
960 251 1052 270 Catarinii
1066 251 1170 270 vanitatem
1186 252 1220 270 ali-

278 283 333 307 quid
347 284 371 302 de
385 283 518 302 benevolentia
533 283 622 302 omnium
642 287 730 301 nostrum
745 283 862 301 detrahatur.
883 283 903 301 Si
918 283 962 301 huic
979 289 1033 301 meae
1052 283 1177 302 sollicitudini
1192 283 1220 301 di-

278 314 364 339 ligentia
378 319 396 333 ct
411 314 475 333 officio
490 318 553 333 vestro
569 314 716 339 responderitis,
730 314 771 333 sine
786 321 840 333 mora
854 315 884 339 jus
898 320 1048 339 consequemur,
1068 314 1127 339 idque
1141 321 1152 333 a
1166 315 1220 333 vobis

279 345 343 364 etiam
358 350 415 370 atque
430 345 487 364 etiam
502 350 554 370 peto.
569 345 701 369 Vladislaviae,
716 345 767 364 XXll
782 345 852 364 Martii.

310 419 357 438 604.
447 420 576 439 Stanislao
588 419 598 442 ¹,
611 419 740 443 Episcopo
755 419 906 439 Varmiensi
920 420 1060 444 designato.

887 466 1026 489 Vladislaviaez,
1040 467 1068 484 24
1080 466 1151 485 Martii
1164 467 1219 485 1551.

351 502 417 524 Quum
432 502 516 527 primum
532 502 595 526 didici,
610 502 632 521 V.
647 503 670 521 R.
685 502 776 521 Dtiouem
791 502 874 521 Torunii
889 509 935 526 esse,
949 503 1048 522 continere
1063 510 1093 522 me
1105 510 1144 522 non
1159 503 1220 528 potui,

284 534 334 559 quin
347 534 430 552 salutem
445 534 471 552 illi
486 534 507 552 iis
522 534 580 552 literis
594 534 717 557 nunciarem,
737 534 761 552 de
775 534 883 553 accessione
902 534 958 553 etiam
973 534 1008 553 ista
1022 534 1120 559 dignitatis
1137 535 1220 559 gratula-

256 559 258 562 ’
284 571 316 584 rer
326 565 339 588 ²,
359 571 407 590 quae
422 565 449 584 illi
463 565 505 584 Deo
520 565 598 590 quidem
612 565 699 589 jubente,
716 565 750 584 sed
765 569 828 584 tamen
843 565 917 584 favente
932 571 962 584 me
976 566 1044 589 etiam,
1064 572 1129 584 recens
1144 566 1220 591 obtigit,

284 597 341 621 cujus
355 596 414 614 animi
429 596 467 615 mei
480 600 537 615 testes
552 600 570 615 et
584 596 607 614 R.
622 597 701 615 Mtatem
719 596 782 615 habeo
797 601 816 615 et
829 597 894 615 Dnum
908 597 1016 615 Boratinski
1027 597 1039 615 ³.
1059 597 1113 616 Faxir
1127 597 1185 621 Deus,
1200 601 1221 616 ut

284 628 333 646 haec
347 628 382 646 ista
402 628 485 652 dignitas
499 632 517 646 et
531 628 567 646 sibi
586 628 666 652 gloriae,
686 631 705 646 et
719 628 842 653 Reipublicae
861 628 917 646 saluti
936 632 954 646 et
968 627 990 646 V.
1006 628 1028 646 R.
1043 628 1109 647 Dtioni
1127 632 1219 653 perpetuo

284 659 310 678 sit
324 663 447 678 ornamento.
470 659 506 677 Hic
521 659 543 677 V.
562 659 585 677 R.
606 659 672 677 Dtioni
692 664 762 683 genera
781 659 863 677 laetitiae
882 665 935 678 meae
956 665 1059 684 exponam.
1074 659 1147 683 Unum,
1167 660 1220 684 quod

284 696 374 709 amorem
388 694 475 709 nostrum
490 694 580 709 mutuum
595 690 620 708 ita
635 690 676 708 Deo
690 690 726 715 ipsi
741 696 796 709 curae
810 696 850 709 esse
864 690 926 714 video,
946 694 967 709 ut
981 696 1020 709 non
1036 691 1094 709 modo
1115 691 1166 709 nulla
1180 691 1220 715 agi-

284 722 359 740 tatione
373 721 457 740 subverti
472 725 535 746 queat,
550 721 583 740 sed
596 725 617 740 ut
628 721 685 740 etiam
700 721 762 746 major
776 721 826 740 inter
840 727 876 740 nos
889 721 1010 746 ampliorque
1025 728 1066 740 esse
1080 722 1146 746 possit,
1161 728 1219 746 quam

285 753 323 771 fuit
336 753 386 771 inter
400 753 422 772 V.
437 753 460 771 R.
475 753 566 771 Dtionem
581 757 599 771 et
614 759 647 771 eos
661 752 780 777 Episcopos,
801 752 872 777 quibus
886 759 906 771 se
919 753 966 771 olim
983 753 1091 772 dediderat:
1114 752 1221 772 Choinium

284 784 330 803 dico
349 788 368 803 et
387 784 528 809 Maciejoviurn.
551 784 603 806 Quid
624 782 659 802 ita?
679 784 731 808 quod
751 790 813 808 neque
828 790 849 802 ex
863 784 899 802 illis
920 784 1022 809 quisquam
1044 788 1082 803 tam
1102 784 1220 803 familiariter

260 830 262 832 .
285 821 373 840 unquam
387 815 410 834 V.
425 815 448 833 R.
463 815 534 834 Dtione
549 821 594 833 usus
609 815 649 837 luit,
664 821 722 839 quam
737 821 779 839 ego,
794 815 826 839 qui
841 815 902 839 ipsam
916 815 952 834 sub
967 815 1057 834 Tomicio
1072 815 1168 835 avunculo
1180 822 1220 834 ma·

284 847 367 872 gistrum
382 851 401 865 et
415 851 559 871 praeceptorem
579 846 637 865 habui
647 846 660 869 ¹¹,
681 852 742 870 neque
760 846 790 864 illa
810 852 853 865 cum
872 846 916 871 ipsis
936 852 996 871 quum
1014 847 1068 869 vixit,
1088 847 1158 865 eodem
1176 847 1221 865 vixit

285 884 331 897 curn
345 878 390 902 ipsis
404 878 447 896 loco
462 882 519 902 atque
533 878 634 902 dignitate,
653 883 702 902 quae
717 883 768 896 nunc
783 877 825 896 Deo
839 877 899 902 gratia
914 877 938 896 ita
953 877 1000 896 mihi
1015 877 1037 896 iis
1052 878 1109 896 rebus
1123 884 1157 902 par
1172 878 1220 896 facta

285 913 321 932 est,
334 909 386 928 utin
398 916 420 928 eo
435 915 505 934 genere
519 909 568 927 inter
582 915 613 927 me
627 912 646 927 et
660 908 710 927 illam
726 908 773 927 nihil
787 908 844 933 plane
858 908 937 927 intersit.
953 909 1011 931 Quod
1026 909 1041 927 si
1053 909 1091 933 jam
1106 913 1144 927 tam
1159 909 1220 927 firmis

285 945 305 959 et
319 941 386 959 solidis
400 940 505 959 rationibus
519 946 574 959 amor
588 944 654 959 noster
667 940 777 962 sustinetur,
792 939 839 958 nihil
853 946 929 963 vereor,
943 946 966 958 ne
981 940 1004 958 de
1020 940 1052 958 illo
1067 940 1103 959 hoc
1118 940 1168 959 istud
1182 940 1219 959 loci

285 972 407 991 intervallum
422 972 525 997 quicquam
540 971 633 994 detrahat,
648 971 758 995 praesertim
772 971 787 989 si
802 977 881 995 operam
896 971 1011 994 dederimus,
1026 971 1045 989 id
1060 971 1113 996 quod
1128 977 1163 996 ego
1174 977 1219 990 sane

285 1009 387 1028 nunquam
407 1003 567 1027 praetermittam,
586 1006 607 1021 ut
621 1002 684 1021 officia
703 1003 753 1021 inter
772 1009 807 1021 nos
822 1008 856 1027 per
872 1002 993 1021 occasionem
1014 1006 1108 1021 constent.
1131 1002 1219 1021 Alterum

284 1034 368 1053 laetitiae
386 1040 440 1052 meae
454 1040 515 1058 genus
529 1037 566 1057 est,
586 1034 639 1058 quod
655 1034 677 1052 V.
692 1033 715 1052 R.
730 1033 820 1052 Dtionem
839 1033 859 1052 in
873 1033 907 1052 hac
925 1034 972 1052 urbe
991 1034 1076 1052 muneris
1090 1034 1119 1052 sui
1134 1034 1219 1058 partibus

284 1065 321 1083 rite
340 1065 394 1090 fungi
414 1065 605 1090 jurisdictionemque
619 1071 641 1083 ex
658 1065 750 1089 dignitate
770 1070 856 1083 exercere
876 1065 943 1088 audio,
964 1071 1002 1083 non
1020 1065 1073 1089 quasi
1088 1065 1107 1083 id
1122 1065 1141 1083 in
1156 1065 1179 1083 V.
1196 1065 1219 1083 R.

283 1096 357 1115 Dtione
372 1096 445 1120 facere,
464 1097 498 1115 sed
512 1097 564 1121 quod
579 1096 598 1114 in
613 1102 634 1115 ea
649 1097 696 1114 urbe
711 1096 730 1114 id
745 1095 785 1114 fieri
804 1102 877 1114 novum
891 1100 919 1115 est
933 1100 952 1115 et
966 1102 1014 1120 pene
1029 1096 1144 1115 inauditum.
1167 1096 1219 1115 Deus

283 1131 305 1146 ut
322 1131 402 1146 eventus
419 1127 513 1152 gubernet
533 1133 607 1152 nosque
623 1127 680 1146 etiam
698 1127 751 1152 ipsos
769 1126 880 1150 confirmet,
900 1133 974 1152 precor.
997 1127 1132 1151 Vladislaviae,
1152 1127 1220 1146 Xllll⁵

282 1158 355 1177 Martii.

307 1223 355 1243 605.
602 1224 721 1248 Capitulo
735 1224 906 1243 cracoviensi.

880 1290 882 1292 ,
898 1270 1023 1293 Vladislavie,
1037 1271 1064 1289 25
1077 1270 1148 1289 Martii
1161 1271 1217 1289 1551.

346 1307 407 1329 Quod
422 1313 443 1325 ex
458 1313 489 1325 me
504 1307 527 1325 de
542 1307 625 1332 profugo
640 1307 673 1325 illo
693 1311 761 1331 petunt
775 1307 815 1326 VV.
831 1307 904 1330 Ftates,
918 1307 938 1325 id
952 1307 977 1325 ita
995 1306 1041 1330 feci,
1061 1310 1079 1325 et
1093 1307 1138 1331 quia
1152 1307 1176 1325 ad
1191 1306 1218 1325 fa-

273 1343 333 1358 cturn
349 1338 395 1356 addi
410 1338 525 1356 celeritatem
545 1338 644 1361 volebant,
662 1338 729 1356 eadem
743 1338 773 1356 die
789 1341 807 1356 et
821 1338 844 1356 ab
859 1338 895 1356 illis
909 1337 973 1362 accepi
988 1338 1059 1361 literas,
1077 1341 1096 1356 et
1110 1344 1161 1356 meas
1176 1337 1218 1356 misi

270 1370 293 1389 in
316 1370 360 1388 hoc
381 1375 457 1394 genere.
482 1369 510 1387 lta
526 1369 637 1388 suavissime
657 1368 676 1386 in
692 1368 731 1387 VV.
752 1368 816 1387 Ftates
835 1375 877 1387 sum
897 1369 976 1393 effusus,
999 1375 1048 1394 quae
1068 1369 1117 1387 bene
1137 1369 1217 1387 valeant.

268 1401 334 1421 XXV
349 1400 421 1419 Martii.

297 1466 353 1486 606.
464 1466 537 1485 Petro
551 1466 710 1488 Poremhski,
723 1466 854 1485 canonico
869 1466 1041 1485 cracoviensi.

884 1512 1022 1535 VladisIaviae,
1036 1513 1063 1531 25
1076 1512 1147 1531 Martii
1161 1512 1216 1531 1551.

344 1550 406 1572 Quod
421 1554 465 1574 post
478 1556 543 1568 meum
560 1550 664 1569 discessum
679 1550 750 1568 nullam
771 1549 859 1574 privatim
877 1549 977 1573 epistolam
992 1549 1016 1567 ad
1031 1549 1052 1567 V.
1067 1548 1142 1567 Ftatem
1160 1549 1217 1567 dede-

259 1584 322 1606 rim,
347 1580 386 1599 feci
401 1587 423 1600 ca
436 1581 528 1605 opinione
543 1581 621 1605 ductus,
641 1581 688 1599 mihi
703 1587 768 1599 amore
782 1584 839 1605 atque
857 1579 922 1598 officio
937 1580 986 1599 illius
1001 1586 1039 1599 non
1060 1580 1125 1598 minus
1144 1580 1216 1605 absque

307 1646 314 1656 ¹
342 1643 401 1659 Hosio.
464 1643 471 1654 ²
485 1643 585 1658 Numinatcm
597 1643 703 1659 warminsltim
715 1648 736 1663 po
747 1642 809 1658 s'mierci
824 1642 890 1663 biskupa
906 1642 1004 1657 Tidemanna
1018 1642 1070 1660 Giese,
1081 1642 1092 1662 †
1104 1642 1123 1657 23
1139 1642 1217 1663 listupada

343 1675 356 1686 r.
372 1669 416 1688 1550,
429 1669 457 1690 hyl
468 1669 547 1690 Hozyjusz
558 1670 583 1689 jui
594 1670 614 1684 od
626 1669 704 1690 poczatku
715 1674 728 1684 r.
742 1669 785 1687 1551,
799 1668 875 1689 wybrany
890 1673 909 1683 nn
920 1672 937 1688 te
947 1668 1018 1688 godnos'c
1035 1673 1081 1688 przcz
1095 1668 1177 1688 tamtejszq
1188 1668 1214 1683 kn-

343 1696 397 1717 pitute
409 1700 417 1711 2
429 1700 482 1711 marca
493 1699 503 1711 t.
515 1701 527 1711 r.
591 1695 598 1706 ³
611 1695 696 1711 loannem?
760 1695 766 1705 ⁴
781 1695 805 1711 Cf,
815 1694 841 1710 66.
903 1694 910 1706 Ι
925 1694 958 1710 Sic!
