1465 2093
505 217 645 232 EPISTOhAltUM
659 219 722 237 mum,
736 218 844 232 arearum.
1102 213 1140 237 459

202 276 248 289 vam
263 270 403 289 Ascensionis¹
419 277 481 295 neque
496 271 614 295 vespertinae
634 276 699 295 preces
719 276 781 295 neque
796 270 905 293 matutinae,
927 276 989 295 neque
1004 270 1061 288 missa
1076 276 1139 295 neque

203 302 303 326 processio
323 306 398 320 cantata
413 306 441 320 est
454 302 523 320 alicubi
539 308 573 326 per
586 301 675 324 scolares,
696 301 807 325 incipiendo
821 302 845 320 ab
859 301 943 320 Ecclesia
961 301 1064 320 cathedrali
1079 307 1140 326 usque

203 333 228 351 ad
245 333 345 351 minimam
361 333 478 357 parochiam.
492 333 517 351 Et
531 337 577 351 tunc
592 333 681 351 nonnulli
697 333 776 351 Praelati
791 337 829 351 tam
845 339 867 351 cx
881 337 934 357 parte
949 333 1007 357 Regis
1022 339 1079 357 quam
1094 332 1140 357 Epi-

203 364 260 389 scopi
275 365 365 383 volebant
380 371 412 383 eos
427 364 582 389 persuasionibus
595 364 676 382 retinere
688 370 732 382 curn
745 364 906 388 promissionibus
918 364 989 387 multis,
1005 364 1044 382 imo
1057 368 1075 382 et
1086 370 1140 382 man-

203 396 255 414 datis
276 396 346 420 Regiis,
367 396 399 414 sed
414 402 454 414 non
469 400 581 420 potuerunt,
602 402 646 413 nam
661 399 682 414 ut
695 399 801 414 statuerant
820 395 908 417 omnino,
929 395 974 413 feria
991 401 999 418 3
1015 399 1058 413 ante
1073 395 1141 413 Pente-

203 431 271 445 costen
286 427 334 445 cirea
354 427 420 445 horam
435 427 510 445 tertiam
531 427 626 445 decimam
640 432 709 445 omnes
724 426 828 445 Cracoviae
843 426 978 449 valedixerunt,
998 430 1016 444 et
1030 426 1141 450 quicunque

203 458 333 481 remansisset,
354 464 398 477 eum
412 462 433 476 ut
446 458 538 476 infamem
554 462 572 476 et
587 458 707 482 proditorem
726 464 803 482 semper
823 458 923 476 habituros
943 457 1028 482 (qualem
1044 461 1088 476 tunc
1102 457 1140 482 jam

204 495 268 507 unum
283 489 434 513 baccalaureum,
449 489 521 507 dictum
536 489 685 512 Odachowszki,
699 489 846 511 declaraveram,
864 489 896 513 qui
911 488 967 507 etiam
983 489 1013 507 vix
1027 495 1037 507 e
1052 488 1140 513 Collegio

203 520 343 544 Magistrorum
359 520 461 545 effugerat,
477 527 521 539 nam
536 520 566 538 hic
581 520 644 545 primo
659 521 716 538 verba
728 520 772 539 fecit
784 521 807 538 ad
820 521 891 544 Regem
904 526 939 544 pro
951 520 983 542 eis,
999 524 1064 544 postea
1076 523 1141 538 autem

203 552 228 569 ad
244 556 317 576 partem
339 551 475 570 Czarnkowski
496 552 593 570 declinans
613 552 728 576 subterfugit
743 551 794 577 etc.)‚
815 552 906 569 omnibus
923 555 941 569 et
955 551 1021 569 aulicis
1037 555 1054 569 et
1068 551 1143 569 civibus

203 589 274 601 eorum
284 583 388 601 discessum
398 582 519 605 deflentibus,
528 583 563 607 ipsi
573 589 651 607 quoque
661 582 808 602 Czarnkowszki
818 589 861 601 cum
871 582 967 607 Episcopo
978 582 1141 601 maledicentibus.

230 655 276 675 831.
330 657 367 675 De
381 656 569 680 gubernatione
583 656 807 676 monasteriorum
821 656 991 675 Pomeraniae
1001 655 1013 675 ².

842 703 958 726 Cracoviae,
972 703 999 721 28
1012 703 1068 721 ,lunii
1081 702 1142 721 1549.

268 739 404 764 sigismundus
419 741 516 764 Augustus
530 744 564 758 etc.
580 743 615 758 etc.
631 739 766 764 Significamus
786 734 852 758 tenore
866 739 1002 763 praesentium,
1025 739 1094 763 quibus
1109 744 1140 757 ex-

204 770 258 795 pedit
273 771 371 789 universis,
398 771 457 793 Quod
472 777 507 789 nos
522 771 668 795 perpendentes,
689 770 805 789 monasteria
825 776 932 795 eorumque
947 771 997 788 bona
1012 776 1034 788 ex
1049 769 1141 794 pravitate

205 802 299 820 haeretica
315 806 332 820 et
347 802 461 826 negligentia
476 802 618 821 Praet'ectorum
634 802 730 820 dictorum
746 802 905 820 monasteriorum
921 801 1010 824 Cartusii,
1028 801 1141 824 Sarnowitz,

207 833 274 851 Sukau
284 833 291 844 ³
310 839 331 851 ac
345 833 428 851 aliorum
448 833 616 856 monasteriorum,
631 839 665 858 per
679 837 697 852 et
711 833 759 851 infra
774 833 871 852 dioecesin
886 833 1056 851 Vladislaviensem
1070 837 1089 851 et
1103 832 1140 850 Ρο-

206 864 303 882 meraniae
319 864 398 883 ubilibet
413 864 568 887 constitutorum,
588 864 708 889 pessundari,
723 864 839 887 labefactari,
859 864 949 882 deserturi
964 868 982 882 et
996 870 1029 888 per
1043 864 1140 882 nonnulos

204 895 300 914 seculares
315 895 399 918 distrahi,
415 895 439 913 ita
454 900 474 914 ut
489 896 526 920 jam
542 902 591 920 pene
603 902 647 914 cum
660 896 745 920 primum
759 895 826 920 religio
838 901 859 914 ac
871 895 934 914 officia
946 895 1021 918 Divina,
1036 899 1076 913 tum
1090 895 1142 913 bona

205 926 301 945 Ecclesiae
322 927 417 944 dictorum
439 927 601 945 monasteriorum
621 927 713 951 (quorum
728 927 814 951 alioquin
831 933 867 945 nos
881 932 993 951 supremum
1013 926 1141 950 patrocinium

204 957 303 981 gerimus),
319 958 338 976 in
352 962 394 976 toto
409 958 490 976 extincta
505 962 523 976 et
537 958 622 982 neglecta
637 958 744 980 videantur,
761 964 782 977 ac
797 962 898 982 propterea
913 964 936 976 ex
949 958 1015 976 debito
1029 957 1088 976 officii
1103 957 1139 975 Re-

204 989 250 1013 galis
266 989 332 1010 nostri,
353 989 485 1007 commoditati
500 986 523 1007 ct*
533 989 653 1007 indemnitati
673 989 769 1008 dictorum
784 989 944 1008 monasteriorum
960 994 1065 1013 eorumque
1080 989 1141 1007 bono-

205 1026 246 1038 rum
261 1024 358 1044 oportune
373 1020 518 1044 prospicientes,
533 1025 692 1045 perspectamque
707 1020 771 1043 fidem,
789 1021 918 1045 integritatem
933 1026 954 1039 ac
969 1021 988 1038 in
1003 1020 1060 1038 rebus
1073 1025 1140 1044 geren-

205 1051 232 1069 dis
252 1051 395 1073 dexteritatem,
415 1057 455 1069 non
475 1052 547 1075 vulgari
568 1058 611 1070 curn
632 1052 734 1076 prudentia
754 1052 886 1076 conjunctam,
907 1052 1014 1070 Reverendi
1028 1052 1047 1070 in
1062 1051 1140 1069 Christo

206 1082 271 1106 patris,
292 1082 330 1100 Dni
344 1082 432 1100 Andreae
448 1082 584 1106 Sebridowski,
605 1083 758 1101 Vladislaviensis
773 1088 791 1101 et
806 1083 931 1102 Pomeraniae
951 1083 1048 1107 Episcopi,
1068 1082 1140 1101 sincere

204 1113 259 1131 nobis
275 1113 344 1136 dilecti,
359 1113 382 1131 de
398 1114 453 1131 nobis
469 1117 486 1132 et
501 1114 607 1138 Republica
622 1118 687 1137 nostra
702 1115 776 1139 optime
791 1114 859 1133 meriti.
884 1114 960 1132 Horum
975 1114 1040 1138 itaque
1055 1118 1140 1132 contem-

203 1145 290 1168 piatione
305 1144 434 1169 suprascripta
449 1145 563 1163 monasteria
579 1149 597 1163 et
612 1151 737 1170 quaecunque
752 1145 787 1164 alia
800 1145 818 1163 in
831 1151 865 1163 sua
879 1145 1023 1164 Vladislaviensi
1038 1149 1056 1163 et
1070 1145 1139 1163 Pome-

202 1176 268 1194 raniae
284 1175 365 1194 dioecesi
381 1175 513 1198 consistentia,
534 1182 642 1201 eorumque
656 1176 744 1195 universa
758 1181 776 1195 et
790 1176 864 1201 singula
880 1177 941 1199 bona,
961 1176 985 1194 ad
1000 1176 1082 1201 praefata
1097 1182 1138 1194 mo-

200 1207 286 1226 nasteria
306 1207 454 1231 quomodolibet
475 1207 621 1230 concernentia,
642 1207 721 1226 mobilia
741 1211 760 1226 et
774 1208 891 1230 immobilia,
913 1207 974 1226 eidem
990 1207 1012 1225 R.
1028 1207 1047 1225 in
1062 1206 1139 1225 Christo

199 1238 259 1262 patri,
276 1238 321 1256 Dno
334 1238 423 1256 Andreae
438 1238 577 1261 Sebridowski,
592 1238 687 1257 moderno
702 1238 846 1257 Vladislaviensi
861 1243 879 1257 et
894 1238 1019 1257 Pomeraniae
1034 1238 1139 1263 Ερίεεορο,

197 1270 277 1288 sincere
290 1268 345 1287 nobis
358 1269 434 1292 dilecto,
449 1269 519 1293 danda,
533 1270 662 1293 concedenda,
677 1270 767 1288 donanda
779 1264 874 1293 duximus,
889 1274 947 1294 prout
960 1270 1034 1293 damus,
1051 1269 1138 1288 concedi-

197 1306 245 1319 mus
262 1304 281 1318 et
295 1296 392 1318 donamus
412 1301 543 1324 praesentibus
563 1301 621 1319 literis
642 1301 711 1319 nostris
731 1301 832 1325 adipsum
853 1301 945 1319 duntaxat
958 1301 1007 1319 vitae
1027 1301 1086 1325 ipsius
1101 1300 1139 1318 Dni

194 1330 302 1356 Episcopi,
321 1337 354 1350 seu
369 1331 393 1349 ad
408 1332 466 1355 ipsius
486 1332 612 1356 possessionis
628 1336 646 1350 et
660 1332 806 1356 gubernationis
826 1332 912 1356 ejusdem
932 1328 1139 1356 Episcopatus⁴Vladi-

193 1362 301 1381 slaviensis
316 1366 398 1386 tempus,
419 1368 452 1380 seu
467 1362 513 1381 alias
527 1363 551 1381 ad
565 1363 625 1387 ipsius
640 1363 678 1381 Dni
692 1363 784 1388 Episcopi
799 1364 953 1382 Vladislaviensis
973 1364 1062 1382 moderni
1082 1363 1138 1382 aliam

193 1399 342 1419 quamcunque
357 1394 476 1418 dignitatem,
497 1394 607 1413 uberiorem
628 1395 772 1419 provectionem
787 1395 912 1418 duraturum,
927 1399 945 1413 et
959 1401 982 1413 eo
996 1401 1049 1413 cesso
1063 1395 1092 1413 vel
1107 1395 1139 1413 de-

192 1431 261 1448 cesso,
282 1424 398 1449 gubernatio
418 1429 436 1443 er
456 1425 569 1443 omnimoda
589 1426 674 1449 provisio
695 1427 801 1444 eorundem
821 1427 982 1445 monasteriorum
1003 1427 1139 1451 bonorumque

190 1462 283 1476 suorum
298 1456 323 1474 ad
338 1462 374 1474 nos
389 1456 458 1475 redibit
478 1457 534 1480 pleno
554 1456 601 1480 jure,
621 1461 732 1476 amoventes
752 1463 831 1476 omnem
846 1462 864 1476 et
878 1458 1011 1476 omnimodam
1029 1458 1138 1476 facultatem

189 1487 398 1513 superintendentiae,
418 1487 560 1511 procurationis
574 1494 607 1506 seu
621 1488 678 1506 etiam
700 1488 814 1512 provisionis
828 1489 852 1506 ab
866 1489 956 1507 omnibus
971 1493 990 1507 et
1003 1489 1090 1513 singulis,
1105 1494 1137 1507 cu-

186 1520 311 1544 juscunque
326 1522 385 1537 status
400 1522 418 1537 et
432 1518 535 1543 dignitatis,
552 1523 591 1537 tarn
605 1519 709 1544 spiritualis
724 1526 781 1544 quam
795 1520 890 1542 secularis,
906 1520 1001 1544 personis,
1016 1520 1034 1538 in
1049 1524 1068 1538 et
1080 1525 1138 1544 super

185 1551 274 1571 eisdem
289 1549 410 1568 monasteriis
425 1556 532 1575 eorumque
547 1550 610 1573 bonis,
625 1557 659 1575 per
673 1557 707 1569 nos
722 1557 755 1569 seu
771 1551 920 1569 Serenissimum
935 1551 1051 1576 Primipem,
1071 1551 1137 1569 Dnum

183 1585 302 1609 parentem
323 1584 411 1599 nostrum
429 1581 627 1605 Desideratissimum,
648 1583 797 1606 quomodolibet
812 1582 912 1606 concessis,
932 1583 967 1601 soli
982 1582 1138 1607 DnoAEpiscopo

223 1667 230 1679 ¹
282 1665 331 1680 Junii.

220 1693 230 1705 ²
257 1670 350 1711 Zet-ignich,
362 1690 456 1706 Geschichte
467 1691 495 1706 der
506 1695 567 1711 preuss.
579 1691 633 1707 Laride
644 1691 704 1712 ernigl.
715 1692 759 1712 polu.
772 1691 849 1711 Antheils,
860 1692 873 1707 ll
884 1691 997 1713 (Documenta)
1011 1691 1076 1713 16-17.

220 1719 230 1732 2
257 1713 332 1736 Zukdw,
343 1717 412 1733 klnsztor
422 1717 537 1733 Norbemnek.
