1465 2093
548 210 689 225 mmwmnuu
702 210 763 230 mm,
777 210 834 224 mm.
1123 208 1159 227 333

275 269 313 282 esse
324 267 385 288 putet,
400 263 448 282 sicut
457 267 475 282 et
485 269 520 282 nos
535 263 570 288 ipsi
582 263 644 282 facere
656 269 699 282 curn
709 263 739 281 illa
749 262 890 284 constituimus,
902 265 920 280 et
929 261 952 280 de
962 261 992 280 illa
1001 266 1107 286 speramus.
1119 260 1160 279 Mn-

264 295 351 313 :oviensia
363 295 368 307 ¹
383 295 467 319 praedia,
482 301 531 320 quae
546 300 656 319 praecessor
670 298 735 313 noster
749 294 846 319 possedit,
860 300 870 312 a
885 293 939 311 Ftatc
953 292 976 311 V.
990 292 1118 317 requirimus;
1138 297 1160 310 en

277 326 361 344 obtinere
376 332 460 351 aequum
474 330 511 349 est,
526 332 547 344 ea
562 326 584 344 V.
599 326 674 344 Fratem
693 326 768 345 tradere
788 324 931 350 aequissimum.
952 324 972 343 Si
987 323 1034 348 quid
1048 327 1076 342 est
1096 326 1160 342 tamen

267 363 282 380 s,
295 358 347 382 quod
362 363 421 382 super
435 364 456 376 ea
471 357 541 376 hahere
556 363 577 382 se·
589 357 699 380 arbitretur,
720 356 815 381 quidquid
832 356 893 375 amice
908 361 942 380 per
959 355 1012 374 {uam
1031 354 1089 373 suerit
1108 360 1160 373 com-

265 392 360 412 nstratum,
375 388 436 407 amice
451 388 574 413 accipiemus.
589 388 666 407 lnterim
680 392 752 411 autem,
767 388 813 406 dum
829 387 876 406 nihil
890 390 1037 409 commonstrat,
1052 391 1091 410 quo
1106 391 1160 410 prae-

264 426 289 438 ior
302 426 356 438 meus
371 426 417 438 usus
432 419 475 442 fuit,
496 426 527 438 me
542 420 599 438 etiarn
614 419 641 438 uti
656 419 740 444 patiatur
753 419 776 438 V.
791 419 814 438 R.
829 419 884 437 Dtio:
899 417 1053 437 benevolentium
1069 420 1161 440 nostram,

273 451 338 469 multas
358 451 394 469 sibi
415 457 444 469 res
458 454 477 469 et
491 457 569 476 magnas
589 451 721 473 necessariam,
735 451 759 469 ad
776 450 812 469 alia
826 450 890 475 potius
909 453 978 473 servet,
1001 455 1060 474 quam
1078 448 1161 473 praediis

264 488 271 500 s
283 482 372 500 offendat.
393 482 433 501 Nos
448 482 502 507 quod
516 482 590 504 attinet,
605 488 647 500 earn
662 482 694 505 illi,
709 485 803 507 quantum
817 488 866 506 opus
881 481 925 505 erit,
940 480 1086 506 praestabimus.
1107 479 1161 503 Quae

265 519 279 531 ie
292 513 358 532 valeat-
374 513 402 531 Ex
416 519 458 532 arce
473 513 593 537 Diboviensi,
610 513 643 532 Vll
658 513 710 538 Maji.

265 595 297 615 533.
570 597 671 616 Simoni
686 597 793 616 Maricio
803 596 816 615 ².

918 643 997 665 Dihom‘,
1014 643 1026 661 7
1039 642 1091 667 Majt
1105 642 1160 660 1551.

290 680 361 698 Munus
380 684 435 699 tuum
447 681 454 693 ³
473 686 512 699 non
527 680 570 698 ideo
585 680 631 698 mihi
646 680 709 699 rninus
728 684 803 705 gratum
822 679 865 702 suit,
885 680 938 704 quod
959 679 1016 698 fuerit
1033 679 1161 701 chartaceum,

264 718 267 728 ι
279 717 323 729 vero
335 715 353 730 et
366 718 410 730 amo
423 712 470 730 illud
482 712 560 736 quidem
573 716 591 730 et
603 712 667 736 magni
678 711 735 735 facio,
750 712 785 730 nisi
800 711 884 730 fortassis
899 717 962 729 meam
976 710 1034 735 ipsius
1049 710 1161 735 dignitatem

264 743 339 766 gloriam
355 749 418 767 neque
433 749 484 766 arno,
500 749 562 768 neque
577 743 642 768 magni
655 743 710 766 facio,
725 749 783 768 quarn
798 743 834 761 hoc
849 748 920 761 munus
935 747 990 761 tuum
1005 748 1044 761 non
1059 741 1160 760 mediocri-

272 774 374 792 illustravit.
389 774 419 792 Te
434 775 490 792 etiam
506 778 593 793 autorem
608 774 693 793 muneris
708 780 768 799 quum
782 774 862 793 antehac
877 773 986 795 dilexerim,
1001 779 1052 792 nunc
1067 773 1104 797 jam
1119 778 1162 791 sun>

264 811 271 823 s
283 805 384 829 complecti
400 805 481 830 incipio;
496 806 513 824 id
529 805 554 824 ita
569 811 608 824 esse
623 805 663 830 ipse
678 811 790 829 cognosces,
803 811 865 830 quum
880 811 957 823 venero.
972 804 1011 827 Qui
1023 804 1038 822 si
1051 810 1093 823 mea
1107 809 1163 822 causa

264 843 268 854 1
281 836 372 855 dubitasti
386 840 415 855 tot
429 837 502 855 oblatas
516 836 644 859 conditiones,
659 841 677 855 et
692 836 770 861 quidem
785 836 876 855 honestas
890 836 978 860 rejicere,
993 842 1032 854 non
1047 841 1123 859 vereor,
1138 840 1162 853 ne

264 867 362 886 ier-olentia
377 872 394 886 et
409 868 512 886 liberalitas
530 872 595 886 nostra
610 874 649 886 non
664 867 730 886 omnia
745 867 778 886 tibi
793 868 889 886 cumulate
907 867 984 886 sarciat:
1005 867 1041 885 eris
1056 866 1103 885 mihi
1117 872 1162 885 sane

266 898 307 917 loco
323 905 383 924 eaque
399 899 517 922 conditione,
532 903 552 918 ut
563 903 581 918 te
593 899 620 918 tui
636 905 676 917 non
690 898 793 923 poeniteat.
808 899 864 917 Nunc
879 898 927 917 sicut
940 898 1003 917 adhuc
1018 898 1085 921 fecisti,
1099 897 1163 922 perfer

264 937 266 939 ·
280 930 377 954 pauxilum
393 931 492 955 temporis,
507 931 553 949 dum
568 930 663 953 venimus,
678 936 739 954 neque
755 934 772 948 te
785 936 884 954 quoquam
899 930 971 948 interea
984 929 1068 948 abstrahi
1084 929 1162 953 patiare.

265 961 392 980 nificationem
407 962 462 980 istam
478 966 554 980 nostrae
569 961 720 984 benevolentiae,
735 967 793 986 quam
805 961 839 979 tibi
853 961 906 979 Dnus
921 960 1037 979 Slomowski
1050 960 1162 979 canonicus

264 999 279 1011 :u
295 998 362 1011 nostro
376 993 456 1016 dederit,
471 993 517 1011 boni
532 993 608 1011 interim
623 993 707 1011 consule.
722 992 778 1010 Nunc
794 992 865 1016 majora
880 996 976 1016 praestare
990 992 1009 1010 in
1022 991 1062 1010 istis
1076 991 1162 1010 exhausti

264 1023 308 1043 {adri
325 1024 385 1043 nostri
399 1024 519 1049 temporibus
534 1030 573 1043 non
588 1024 697 1049 potuimu53
712 1027 785 1048 postea,
800 1027 893 1048 quantum
908 1027 928 1042 tu
942 1029 987 1048 erga
1000 1029 1035 1041 nos
1049 1022 1114 1041 studio
1128 1026 1162 1040 tuo

267 1055 329 1077 ideris.
344 1060 418 1074 tantum
434 1062 470 1074 nos
484 1056 518 1074 tibi
532 1056 555 1074 de
570 1055 695 1074 beneficentia
711 1059 775 1073 nostra
789 1055 917 1079 adponemus‚
935 1055 987 1073 Bene
1002 1054 1048 1073 vale.
1063 1053 1095 1072 Vll
1110 1053 1162 1078 Maji,

264 1139 298 1158 ἱ39.
545 1140 680 1159 Nobilitati
694 1139 843 1158 Severiensi.

921 1185 1001 1209 Dibovi,
1017 1186 1028 1204 7
1043 1185 1094 1210 Maji
1108 1186 1163 1203 1551.

291 1223 371 1241 Factum
386 1227 434 1245 erat,
454 1227 475 1241 ut
489 1223 555 1246 initio,
576 1229 635 1247 quum
651 1223 685 1241 Dei
704 1222 821 1247 benignitate
841 1222 859 1240 in
879 1222 997 1247 Episcopum
1017 1221 1164 1240 Cracoviensem

276 1255 357 1279 gratiam
372 1255 392 1273 S.
407 1254 429 1273 R.
445 1255 509 1273 Mtatis
529 1254 634 1273 renuntiati
649 1260 744 1276 essemus,
763 1253 872 1272 universum
887 1254 939 1273 hunc
954 1254 1049 1272 Ducatum
1065 1253 1163 1272 Severien-

264 1293 268 1304 ι
283 1286 359 1304 cuidam
374 1292 418 1304 eum
433 1286 486 1304 omni
501 1286 542 1310 jure
556 1286 713 1307 concederemus,
728 1285 789 1310 ignari
804 1285 860 1309 huius
874 1285 928 1303 istius
942 1285 1045 1309 singularis
1063 1290 1164 1309 praeroga-

266 1324 285 1340 ο,
306 1323 344 1341 qua
359 1317 457 1341 provincia
472 1317 505 1335 ista
521 1323 543 1335 ex
558 1323 581 1335 eo
595 1321 623 1335 est
637 1316 735 1341 insignita,
753 1316 805 1341 quod
820 1320 838 1335 et
853 1316 955 1340 Equitibus
968 1316 1033 1334 liberis
1052 1315 1164 1334 hominibus

265 1352 312 1371 stet,
335 1352 353 1367 et
368 1348 486 1367 Praefectum
508 1348 580 1367 Ducem
601 1348 675 1366 habeat,
698 1348 763 1372 ltaque
782 1348 806 1366 dc
821 1347 849 1366 his
867 1348 923 1366 rebus
943 1347 1016 1370 edocti,
1036 1347 1111 1371 magnis
1130 1347 1163 1365 sed

266 1380 318 1398 timis
333 1380 440 1398 rationibus
459 1380 604 1398 concessionem
619 1379 762 1402 revocavimus,
776 1383 797 1398 ut
812 1385 835 1397 ne
849 1379 978 1403 provinciam,
992 1384 1042 1403 quae
1056 1379 1115 1397 libera
1130 1382 1164 1401 esty

279 1411 375 1430 servitutis
394 1411 534 1435 significatione
555 1417 635 1430 onerare
656 1411 770 1429 videremur.
793 1410 932 1435 Recuperatam
953 1410 1011 1434 igitur
1028 1410 1053 1428 ita
1068 1415 1103 1428 nos
1123 1415 1163 1428 esse

268 1446 371 1461 ernaturos
386 1442 425 1460 VV¹
441 1442 550 1461 Fidelitates
565 1442 600 1461 sibi
615 1442 752 1466 persuadeant,
774 1446 795 1460 ut
809 1447 870 1466 neque
885 1442 926 1466 jure
940 1441 1035 1464 dicundo,
1055 1446 1117 1465 neque
1131 1440 1163 1459 cle-

265 1473 336 1496 lendo,
356 1479 419 1498 neque
433 1474 526 1496 fovendo,
546 1479 608 1498 neque
626 1473 664 1492 ulla
678 1473 713 1491 alia
728 1473 802 1492 ratione
821 1473 877 1491 bonis
892 1477 910 1491 ct
924 1473 1009 1491 Ducibus
1024 1476 1042 1491 et
1056 1471 1164 1497 Episcopiz,

264 1505 385 1523 :cessoribus
400 1505 474 1527 nostris,
489 1505 556 1523 cedere
570 1505 675 1523 videamur.
690 1505 710 1523 ln
723 1505 752 1523 his
767 1509 830 1523 autem
846 1504 931 1523 exhausti
946 1503 1028 1522 thesauri
1044 1503 1104 1522 nostri
1115 1507 1164 1522 tem-

264 1537 316 1559 ibus,
332 1542 380 1561 quae
394 1536 470 1554 assidue
485 1536 504 1554 in
520 1536 644 1561 Reipublicae
659 1540 677 1554 et
692 1536 763 1561 Regiae
778 1536 842 1554 Mtatis
859 1535 957 1560 obsequiis
971 1535 1057 1559 egimus,
1071 1534 1164 1553 nuncium

289 1626 324 1641 Sic!
337 1626 472 1644 Maciejm·ien<ia-
536 1626 543 1636 ²
558 1626 646 1640 Proiesviri
659 1625 769 1640 {luber-iuri»
779 1624 894 1640 Cnemvicmis,

265 1660 266 1663 =
289 1652 360 1672 λίπῃ-εἰῇ
372 1653 466 1672 dedykowat
478 1652 506 1672 byn
518 1652 581 1667 wtzsnie
593 1652 753 1672 Zebrzydowtkiemu
765 1651 816 1666 dzielu
828 1655 878 1669 etune
891 1655 913 1665 ..ιι
922 1654 938 1665 ,;
950 1650 972 1664 ι1ί
992 1654 1019 1665 uu
1031 1649 1122 1667 academiis,
1133 1654 1166 1669 wy-

290 1681 332 1695 dane
345 1683 355 1694 ι.
367 1685 379 1694 r.
390 1684 405 1693 w
417 1679 500 1694 Krakuzrie
515 1683 524 1693 u
537 1679 627 1694 Hierunima
642 1678 800 1696 §charite-:bergam
817 1676 913 1698 dedykacyja
925 1679 979 1691 axam
992 1676 1075 1691 damna·-
1087 1676 1116 1695 jen
1127 1675 1166 1691 Can·

289 1706 346 1722 coi-iae
357 1706 384 1720 xu
396 1705 474 1720 Kalendas
486 1705 521 1724 ,xl-ji
533 1704 560 1718 l:
572 1709 588 1719 ιι
602 1704 682 1725 ὶννίεωίι]
697 1703 740 1719 1551,
