1465 2093
562 202 703 216 EPISTULARUM
716 202 778 220 mum,
792 202 877 216 MDXINI-
971 210 975 214 .
1162 197 1186 222 63

278 254 378 274 nomnibus
393 254 476 272 vicissim
496 253 564 272 officiis
585 260 686 279 reponam,
710 254 760 273 dabo
775 254 841 273 sedulo
856 260 942 279 operam.
965 253 1088 273 Commendo
1106 260 1146 277 me,
1166 258 1187 273 ut

278 291 329 310 semper
341 285 402 308 sole0,
417 285 479 304 amori
494 285 551 304 Mtiae
566 285 595 308 V.,
614 286 644 304 cui
659 289 677 304 et
691 285 817 304 rectissimam
832 285 961 304 valetudinem
976 289 994 304 et
1008 285 1134 310 amplissimas
1149 285 1186 304 for-

278 322 312 336 tunas
323 323 343 335 ex
356 317 423 335 animo
438 316 492 336 faveo
507 321 563 341 atque
578 321 631 341 opto.

293 381 324 400 121.
572 382 668 401 Joanni
683 382 806 401 Verdeno.

837 428 860 447 In
876 430 955 454 Raciqz',
970 435 995 447 m.
1010 430 1114 449 Decembri
1128 430 1186 448 1546.

318 465 367 488 Quid
383 465 477 490 pecuniae
492 469 510 484 et
524 469 619 490 quantum
634 472 643 484 a
659 466 730 484 Dtione
745 465 768 484 V.
789 470 856 484 mutuo
871 466 987 490 acceperim,
1003 466 1055 484 facile
1072 465 1151 484 memini
1166 472 1187 484 ac

277 497 343 520 libentem
356 497 391 515 sed
405 497 451 521 quia
465 503 475 515 a
490 497 605 521 quibusdam
620 497 661 515 aliis
676 497 802 515 creditoribus
816 497 922 521 appellatus
937 503 998 519 eram,
1019 496 1133 521 quibuscum
1148 503 1187 515 non

277 532 300 546 um
310 532 356 546 arcta
370 528 418 546 mihi
433 528 532 553 conjuntio
546 528 626 551 intersit,
641 528 737 552 simulque
752 528 796 552 quia
810 528 877 546 Dtioni
890 528 920 550 V.‚
937 528 1011 546 homini
1026 534 1045 546 re
1061 528 1139 546 minime
1154 534 1187 546 an—

277 563 318 583 gusta,
332 565 371 577 non
387 559 451 583 putavi
466 565 489 578 eo
504 559 545 583 ipso
560 559 759 582 incommodaturum,
775 559 818 577 dedi
833 559 868 582 his,
883 559 915 583 qui
930 563 995 577 tamen
1009 559 1106 582 miserant,
1119 563 1137 577 et
1150 559 1187 577 hoc

277 590 311 614 quod
323 590 387 608 Drioni
401 590 423 609 V.
436 591 537 609 exolvendi
557 591 641 609 nominis
659 596 714 609 causa
729 591 808 609 daturus
822 596 873 609 eram
888 594 907 608 et
922 591 982 609 multo
997 591 1057 615 plura.
1078 590 1141 613 Quam
1156 596 1187 609 ex-

277 621 372 640 cusationem
388 621 425 640 hoc
440 626 526 646 tempore
540 621 592 646 apud
607 621 698 640 Dtionem
714 621 736 640 V,
751 621 814 640 loc'um
829 627 869 640 esse
884 621 1004 644 habituram,
1023 621 1107 640 confido.
1127 621 1187 640 Deve-

277 652 325 671 hentur
337 653 398 671 isthuc
412 654 415 665 ¹
432 659 503 671 venum
519 652 582 677 fruges
597 656 684 676 nostrae,
698 653 763 671 statim
778 656 823 677 post
836 652 918 671 Paschae
933 652 988 671 ferias
998 653 1011 671 ².
1030 652 1065 671 His
1079 652 1187 676 divenditis,

277 684 333 702 reddam
346 684 454 708 pecuniam,
469 684 547 702 divendi
561 688 626 702 autem
640 684 722 708 jubebo,
737 684 752 702 si
767 684 792 702 ita
806 683 912 706 videbitur,
932 684 1015 708 cuipiam
1036 684 1187 703 necessariorum

277 718 333 733 morum
346 719 385 733 tam
400 721 461 739 aequa
476 715 570 738 mercede,
585 719 606 733 ut
617 715 636 733 in
651 715 778 733 divendendis
792 715 833 733 sine
847 715 901 733 lucro
916 721 955 734 esse
970 721 1010 733 non
1024 715 1090 740 possit.
1105 715 1133 734 De
1146 715 1188 740 qui-

277 746 336 764 bus-lam
350 746 406 765 rebus
421 746 462 765 aliis
476 746 562 765 conferet
576 752 619 764 curn
634 746 706 764 Dtione
721 746 743 765 V.
758 746 813 765 Dnus
828 746 945 769 Kamienski,
966 749 998 765 aut
1013 752 1035 765 eu
1050 747 1128 765 absente
1148 748 1187 765 Au-

277 777 342 801 gustinus
354 777 458 801 Scultemsy
472 781 536 796 noster
551 777 695 801 Cubicularius',
710 777 745 796 hos
760 777 805 796 Dtio
822 777 843 796 V.
859 781 880 796 ut
893 778 958 796 audiat
972 781 990 796 et
1003 784 1058 796 suam
1077 778 1124 796 mihi
1143 784 1188 803 ope-

278 813 303 826 ram
314 809 378 827 deinde
392 812 481 833 praestety
495 808 602 833 plurimum
617 815 671 833 rogo.

295 872 326 892 122.
437 874 546 898 Georqio
561 874 675 896 Schefka.
690 874 842 893 Proconsuli
857 874 1009 894 Gedanensi.

839 920 863 939 In
877 921 957 946 Racagf,
972 927 996 940 m.
1011 921 1116 940 Decembri
1129 922 1188 940 154⁶.

323 957 347 975 Ex
361 957 466 976 Dominico
483 957 601 980 Kamienski,
616 957 713 980 madano,
728 958 757 976 vel
771 958 786 976 si
802 958 816 976 is
830 957 920 980 abfuerit,
939 963 961 975 ex
975 957 1084 982 Augustino
1097 957 1188 980 Scultet0‚

279 987 423 1013 Stolzenbergensi
433 989 440 1000 ³
451 993 470 1007 et
482 988 607 1007 Cubicularia
620 994 671 1011 meo,
685 988 778 1013 intelliget
792 988 837 1007 Dtio
852 988 882 1012 V.‚
897 988 943 1013 quid
957 989 981 1007 ab
996 994 1017 1007 ea
1031 989 1114 1013 cupiam.
1126 989 1187 1007 Porro

278 1024 292 1037 ne
301 1019 314 1037 id
324 1026 362 1038 mea
376 1026 434 1038 causa
448 1024 521 1043 renuat,
536 1020 568 1038 ubi
581 1020 701 1043 intellexerit,
717 1020 849 1044 maximopere
863 1026 916 1044 rogo.
931 1020 990 1042 Quod
1002 1024 1094 1044 superest,
1108 1026 1143 1044 per
1154 1020 1187 1038 has

277 1049 320 1069 literas
332 1057 381 1069 meas
396 1051 450 1073 volo,
470 1057 509 1069 esse
524 1057 566 1069 eam
587 1051 688 1069 autoritate
703 1057 744 1069 mea
760 1051 854 1069 firmatam
869 1051 892 1069 ad
907 1056 928 1069 ea
943 1051 1008 1069 onmia
1027 1052 1112 1075 gerenda
1130 1055 1187 1076 atque

277 1081 349 1105 obeunda,
364 1088 414 1107 quae
428 1088 450 1100 cx
465 1082 500 1100 illis
515 1082 641 1101 internunciis
655 1082 702 1101 meis
717 1085 827 1107 cognoscet.
842 1082 894 1101 Bene
907 1082 974 1101 valeat.

294 1151 326 1171 123.
534 1153 658 1174 Adriano,
677 1153 774 1172 Abbati
792 1153 913 1172 Olivensi.

839 1199 863 1218 In
878 1199 957 1224 Raciqz',
972 1206 996 1218 m.
1010 1199 1116 1218 Decembri
1129 1200 1187 1218 154⁶.

318 1235 396 1254 Moleste
412 1235 520 1254 audivimus
535 1239 685 1260 conquerentem
700 1235 844 1259 Mareinowski,
860 1236 892 1260 qui
905 1242 915 1254 a
927 1236 983 1254 nobis
997 1236 1131 1254 Zarnovicensi
1146 1242 1187 1255 mo-

275 1266 337 1285 merto
351 1266 459 1291 praefectus
474 1270 510 1289 est,
529 1267 581 1291 quod
596 1273 618 1285 ex
632 1267 699 1285 itinere
713 1267 733 1285 in
748 1267 865 1285 monasterio
881 1270 914 1285 tuo
929 1273 991 1291 neque
1005 1271 1135 1286 commeatum
1155 1267 1187 1286 ha-

275 1295 304 1315 bere
315 1298 381 1322 potuit,
397 1304 461 1322 neque
475 1298 546 1316 locum.
561 1298 602 1322 Ego
617 1302 681 1316 autem
696 1297 835 1320 existimabam,
856 1298 916 1322 pluris
931 1304 961 1316 me
976 1304 1068 1322 meosque
1087 1298 1188 1317 servitores

274 1329 310 1352 ipud
322 1329 395 1347 Ftatem
410 1329 433 1347 V.
449 1335 489 1347 esse
509 1329 588 1351 debere,
602 1335 660 1353 quam
675 1329 726 1352 istos,
747 1329 818 1352 nescio,
833 1329 925 1353 hospites,
944 1335 1027 1353 quorum
1046 1329 1106 1353 gratia
1121 1333 1187 1348 nostro

273 1357 390 1379 Mareinowski
402 1360 431 1384 jus
443 1360 520 1384 hospitii
535 1364 625 1384 negatum
640 1360 683 1383 fuit;
698 1360 756 1384 idque
768 1360 783 1378 si
796 1366 835 1378 non
847 1360 885 1385 jam
897 1360 933 1378 alia
946 1360 1026 1383 ratione,
1038 1364 1088 1378 certe
1099 1364 1187 1384 propter-

273 1395 294 1413 Η,
309 1391 359 1416 quod
373 1397 409 1410 nos
427 1391 515 1409 universa
529 1391 653 1410 Pomeraniae
668 1391 783 1409 monasteria
798 1391 816 1409 in
831 1391 950 1409 deditionem
968 1395 1053 1410 nostram
1072 1391 1187 1416 redegimus,

272 1421 320 1446 sicque
334 1422 391 1441 veluti
406 1422 506 1441 domestici
521 1422 557 1441 illis
571 1422 614 1441 facti
629 1428 701 1440 sumus.
720 1422 779 1444 Quod
794 1426 843 1440 certe
858 1422 999 1447 conjunctionis
1012 1428 1073 1447 genus
1087 1422 1112 1440 ita
1126 1422 1188 1441 voluit

270 1453 308 1477 zpud
325 1453 439 1472 christianos
453 1454 514 1472 valere
528 1454 644 1478 Apostolus,
665 1458 685 1472 ut
699 1453 747 1472 illud
762 1453 824 1472 dicere
842 1460 881 1472 non
895 1453 999 1472 dubitaret:
1020 1453 1058 1476 Qui
1072 1453 1186 1472 domestico-

269 1489 300 1503 mm
317 1491 382 1503 curam
396 1491 438 1503 non
452 1484 517 1507 habet,
538 1485 625 1510 pejorem
640 1491 680 1503 esse
695 1484 774 1503 infideli.
795 1484 833 1503 Sed
848 1485 885 1503 hoc
905 1491 955 1503 nunc
969 1485 996 1504 sic
1009 1485 1070 1503 abeat.
1092 1485 1187 1510 Deinceps

268 1519 318 1534 :utem
331 1515 391 1535 officii
406 1516 453 1534 illud
468 1516 496 1534 sui
512 1522 551 1534 esse
565 1516 612 1535 scito
628 1516 671 1534 Ftas
684 1515 713 1539 V..
729 1520 749 1534 ut
763 1516 810 1534 meis
824 1516 921 1539 omnibus,
936 1521 984 1540 quos
999 1516 1049 1534 ultro
1061 1515 1148 1540 citroque
1160 1516 1186 1534 ire

266 1547 354 1572 contingit,
368 1547 399 1571 jus
413 1547 492 1571 hospitii
507 1547 603 1569 exhibeat,
622 1553 660 1571 qno
676 1553 711 1571 ego
726 1553 837 1571 quanquam
852 1547 870 1565 in
886 1547 945 1572 ipsius
959 1547 1041 1566 famulos
1056 1553 1117 1572 usque
1137 1548 1186 1566 adeo

264 1584 294 1597 uon
306 1583 381 1601 teneor,
396 1582 461 1597 tamen
476 1582 571 1602 praestare
586 1578 632 1597 mihi
650 1578 729 1597 minime
744 1582 792 1597 esset
808 1579 920 1603 jucundum.
939 1578 991 1597 Haec
1006 1584 1039 1597 cur
1053 1579 1077 1597 ita
1096 1578 1186 1602 scribam,

264 1615 278 1628 tx
289 1610 375 1628 Mandati
391 1609 447 1634 Regii
465 1610 553 1634 exemplo
574 1614 676 1634 cognoscet
690 1609 713 1627 V.
728 1609 778 1633 Ftas,
799 1615 909 1634 quanquam
924 1613 942 1628 et
956 1609 997 1634 ipsa
1011 1613 1080 1634 sponte
1100 1616 1133 1628 sua
1147 1610 1186 1628 vim

264 1646 308 1667 itque
327 1641 409 1666 pondus
423 1641 530 1659 autoritatis
550 1647 603 1659 meae
618 1641 686 1665 procul
701 1641 760 1659 dubio
776 1640 867 1665 agnoscit.
888 1640 942 1663 Quae
957 1641 1005 1659 bene
1020 1641 1085 1659 valeat.
1109 1641 1185 1660 Datum.

284 1700 290 1711 ι
310 1700 404 1715 Codanum.
469 1698 474 1708 ²
492 1703 508 1713 ω
520 1698 577 1718 Aptius
591 1698 634 1718 ¹547·
698 1699 704 1708 υ
719 1698 739 1713 w
751 1698 785 1718 [ιφ.
797 1702 843 1718 prm
854 1698 930 1719 sarmit}
942 1698 1109 1719 „sziokenbergenstm
