1465 2093
273 197 309 220 396
641 201 660 215 A.
677 201 839 215 mmowsn.

298 274 342 293 751.
498 275 644 297 Benedicto,
658 275 786 298 Episcopo
801 275 979 294 posnaniensi.

882 316 1011 339 Petricouiae,
1028 317 1053 334 14
1068 316 1141 335 Martii
1154 317 1198 335 1552,

335 353 390 376 Quae
412 353 564 372 sacerdotiorum
588 353 714 372 commutatio
738 353 787 371 inter
809 352 873 371 Dnum
894 352 1047 371 Skrzetusowski
1070 357 1089 371 et
1110 353 1198 371 Albesium

273 391 283 403 a
298 384 379 403 Cozmin
394 384 418 402 ad
432 388 473 403 acta
487 384 510 402 V.
525 384 547 403 R.
562 384 638 403 Dtionis
659 384 706 403 factu
721 384 755 403 fuit
770 390 821 403 anno
836 387 880 402 ante
897 384 1016 408 superiorem
1036 384 1140 408 proximo,
1153 390 1172 402 ca
1183 391 1198 403 er

273 422 310 434 unu
325 420 377 440 parte
392 415 449 434 finem
464 416 531 434 sortita
546 420 582 439 cst,
603 422 625 434 cx
639 415 698 434 altera
713 422 752 434 non
767 420 795 434 est
809 415 884 438 sortita,
898 421 942 433 nam
958 415 1128 433 Skrzetuszowski
1148 415 1198 434 Eccle-

272 447 318 465 siam
334 447 488 465 Lechninensem
500 447 504 459 ¹
519 447 650 471 parochialem
664 447 754 469 obtinuit,
769 447 859 465 Albertus
874 447 1015 465 Canonicatum
1027 447 1052 466 ad
1062 447 1146 465 Mariam
1158 447 1199 472 Mag»

273 478 360 496 dalcnam
381 478 487 496 Posnaniae
507 484 546 496 non
567 478 656 496 obtinuit.
683 478 709 496 Ita
729 478 776 496 alter
790 484 810 496 re
827 478 896 496 fruitur
913 478 1024 502 concupita,
1044 478 1095 496 alter
1110 482 1129 496 et
1147 482 1199 502 optata

273 513 323 528 caret
337 513 355 528 et
369 513 418 528 certa
433 515 466 528 sua
482 513 509 527 est
524 510 617 528 exclusus.
638 511 686 528 Acta
700 516 729 528 res
743 510 789 528 dolo
803 510 855 528 malo
869 516 909 528 esse
923 509 1007 533 videtur,
1022 514 1092 528 contra
1107 509 1199 528 formulam

273 540 353 559 fiduciae
367 546 377 558 a
392 540 487 559 veteribus
508 544 628 565 usurpatam,
649 541 667 559 id
682 540 735 565 quod
750 547 781 559 me
800 540 877 559 Hercle!
900 541 937 559 hoc
957 545 985 559 est
1004 541 1093 565 turpius,
1115 541 1166 565 quod
1179 547 1200 559 ret

273 571 321 590 inter
335 572 421 596 ejusdem
433 576 452 590 et
463 571 524 590 nostri
538 571 611 590 ordinis
626 571 676 590 viros
690 576 731 590 acta
746 576 778 590 est.
794 572 879 591 Pertinet
892 572 916 590 ad
928 572 951 591 V.
964 572 986 590 R.
999 572 1080 591 Dtionis
1094 573 1199 597 aequitatem

273 603 388 627 plurimum,
408 603 427 621 id
441 607 503 621 totum
521 603 621 627 corrigere.
644 603 741 626 Sufficiat,
760 604 813 628 quod
827 610 837 622 a
851 604 921 622 solutis
933 608 951 622 et
965 603 1075 628 prophanis
1098 604 1199 622 hominibus

273 634 322 652 ordo
337 638 402 653 noster
416 634 524 659 impetitur,
539 634 586 652 nihil
600 640 649 658 opus
663 638 697 657 est,
717 638 738 653 ut
752 640 788 653 nos
803 635 851 654 inter
866 641 901 653 nos
921 635 1074 657 tumultuemur,
1086 634 1102 653 si
1117 634 1167 653 enim
1179 635 1199 653 in-

272 665 332 684 vicem
347 665 486 688 mordebimur,
501 671 645 689 consumemur,
665 669 683 684 et
697 665 712 684 si
727 670 804 684 nostros
819 666 907 684 homines
921 672 932 684 a
947 666 1017 684 nostris
1035 665 1133 684 ludificari
1152 665 1199 690 patie-

272 703 326 720 mur,
347 696 447 721 quomodo
467 697 546 715 cosdem
561 697 585 715 ab
599 700 709 715 exterorum
724 701 742 715 et
756 697 903 722 prophanorum
922 697 995 722 impetu
1011 695 1153 716 defendemus?
1172 697 1199 715 Hic

273 728 362 746 Albertus
377 731 405 746 est
419 728 468 746 inter
482 731 538 746 notos
558 734 622 751 meos,
643 728 670 746 vir
685 729 748 747 bonus
762 733 780 747 et
795 729 844 753 frugi
860 729 971 753 Presbyter,
992 734 1031 753 quo
1047 729 1111 753 magis
1126 735 1137 747 a
1150 728 1170 746 V.
1181 728 1197 746 R.

273 759 342 778 Dtione
357 763 408 783 peto,
423 759 473 777 illius
488 763 508 777 ut
522 759 590 783 justam
606 765 682 778 causam
697 766 739 778 mea
755 766 834 784 quoque
848 760 907 784 gratia
922 764 998 778 tueatur
1012 763 1031 778 et
1046 760 1140 778 defendat
1152 760 1197 778 bene*

273 796 310 815 que
325 790 390 808 valeat.
406 790 456 808 XIIII
472 790 541 813 Martii,
556 790 674 809 Petricoviae
689 791 768 809 MDLII.

1213 587 1216 606 Ι

1214 607 1216 618 ι

299 855 343 875 752.
397 856 598 875 Bau-tholomaeo
612 856 783 881 Gadkowski,
796 857 901 876 Vieario
916 856 1090 876 cracoviensi

837 898 966 921 Petricnviae,
981 904 1047 917 mense
1062 899 1138 917 Martio
1152 898 1192 917 1552.

306 932 308 936 '
335 934 427 953 Gravatos
441 940 461 953 se
476 940 515 953 esse
530 934 661 959 jurisdictione
674 935 696 953 V.
711 934 771 953 Ftatis
785 938 892 959 queruntur
906 934 951 953 lanii
966 934 1113 958 Cracovienses‚
1128 939 1144 953 et
1155 934 1192 959 quod

272 965 328 984 nobis
350 966 411 984 multo
426 970 454 984 est
468 965 565 988 acerbius,
585 966 611 984 ob
625 972 667 984 cam
685 965 733 984 forte
748 971 835 988 causam,
856 971 904 989 quae
919 965 957 989 jam
975 965 1011 984 illis
1031 972 1068 990 per
1082 972 1119 984 nos
1132 966 1191 984 remissa

272 1001 317 1019 erat,
332 997 382 1015 sicut
395 997 466 1015 docent
480 1003 512 1015 eae
526 997 598 1020 literae,
613 1003 662 1022 quae
677 1003 699 1015 ex
714 996 831 1015 Cancellaria
851 1000 915 1015 nostra
930 997 965 1015 illis
979 997 1034 1015 datae
1049 997 1135 1015 fuerunt.
1152 997 1191 1019 Qun

271 1028 334 1046 literas
355 1028 407 1052 quod
422 1028 444 1046 V.
459 1028 503 1046 Ftas
518 1028 537 1046 in
552 1028 623 1052 judicio
638 1034 673 1046 suo
688 1032 746 1051 ratas,
766 1032 787 1046 ut
803 1028 872 1050 fertur,
893 1034 932 1046 non
952 1028 1050 1051 habuerit,
1071 1028 1101 1047 vel
1121 1028 1190 1052 dignitati

272 1063 348 1078 nostrae
362 1059 453 1082 detraxit,
471 1065 532 1084 quum
546 1063 587 1078 acta
603 1063 666 1078 nostra
682 1059 808 1082 rescinderet,
829 1060 858 1077 vel
872 1060 895 1078 de
910 1058 948 1077 fide
963 1059 1108 1078 praefectorum
1128 1059 1189 1078 Cancel-

270 1090 328 1109 lariae
348 1090 450 1113 dubitavit,
470 1097 532 1115 quum
546 1097 595 1115 quae
610 1097 644 1115 per
658 1090 700 1109 illos
714 1095 755 1109 acta
769 1094 823 1114 sunt,
843 1097 877 1115 per
892 1097 927 1109 nus
942 1097 982 1109 esse
999 1095 1040 1109 acta
1056 1097 1097 1109 non
1117 1091 1190 1112 crederet,

271 1127 353 1146 quorum
368 1122 448 1140 alterum
464 1122 524 1146 magis
539 1122 627 1145 fortasse,
647 1122 680 1140 sed
696 1126 759 1140 tamen
774 1126 878 1146 utrumque
892 1122 1004 1146 gravissime
1019 1122 1105 1142 ferimus.
1128 1123 1168 1140 Nam
1178 1121 1188 1139 si

271 1159 292 1171 ea
307 1159 341 1176 res,
356 1159 413 1177 quam
428 1153 472 1171 lanii
487 1153 533 1171 olim
548 1153 690 1176 commiserant,
706 1153 752 1171 tanti
767 1159 807 1172 csse
819 1153 841 1171 V.
857 1153 906 1171 Ftati
921 1153 1002 1176 videtur,
1018 1158 1039 1172 ut
1051 1154 1134 1172 censuris
1144 1160 1153 1171 a
1163 1158 1188 1171 no-

271 1184 298 1202 bis
313 1184 360 1202 solvi
375 1190 414 1202 non
428 1184 536 1207 debuerint,
550 1188 595 1203 sunt
608 1184 644 1203 alia
656 1189 674 1203 et
686 1184 764 1209 quidem
780 1184 842 1203 multo
857 1184 952 1208 graviora,
966 1190 1016 1209 quae
1031 1191 1067 1204 nec
1079 1191 1113 1210 per
1123 1191 1154 1203 nos
1164 1189 1187 1202 net

271 1221 305 1239 per
319 1221 430 1239 quenquam
450 1215 535 1234 censuris
555 1215 686 1238 vindicantur,
705 1216 737 1233 sed
753 1215 845 1240 temporis
863 1215 969 1234 necessitati
990 1216 1114 1235 remittuntur
1127 1220 1144 1234 et
1155 1221 1186 1234 con-

270 1246 374 1264 donantur.
389 1246 429 1264 Nos
444 1250 507 1265 tamen
522 1247 609 1271 profecto
625 1247 668 1265 illos
682 1247 747 1271 magni
762 1247 838 1265 adducti
859 1247 965 1265 rationibus
980 1251 998 1265 et
1013 1247 1139 1272 poenitentiae
1151 1246 1186 1265 indi-

271 1277 303 1295 ciis
318 1277 446 1301 solveramus‘,
464 1277 555 1296 Praefecti
575 1282 639 1296 autem
659 1277 788 1296 Cancellariae
809 1282 885 1296 nostrae
898 1277 948 1296 sicut
962 1278 1054 1297 omnibus
1069 1278 1088 1297 in
1103 1279 1153 1296 rebus
1168 1277 1186 1295 fa·

270 1308 331 1332 ciunt,
351 1309 377 1327 ita
391 1309 410 1327 in
425 1308 460 1327 hac
475 1315 555 1333 quoque
569 1309 632 1327 literas
653 1309 705 1331 iussu
721 1313 787 1328 nostro
803 1313 821 1327 et
835 1310 926 1328 mandato
947 1309 1050 1328 dederunt.
1073 1310 1185 1332 Quamobrem

270 1340 370 1358 hortamur
384 1340 406 1358 V.
421 1340 505 1363 Ftatem,
526 1344 547 1358 ut
561 1344 579 1358 et
593 1340 652 1359 literis
672 1340 742 1359 nostris
757 1340 847 1365 deinceps
867 1340 959 1365 majorem
979 1340 1076 1359 honorem
1096 1341 1164 1363 habear,
1174 1343 1186 1358 et

270 1376 314 1395 erga
334 1371 395 1389 lanios
410 1371 447 1389 hoc
467 1375 554 1395 tempore
569 1371 594 1389 ita
608 1377 627 1389 se
642 1375 703 1396 gerat,
723 1376 744 1390 ut
758 1377 790 1390 eos
805 1372 890 1390 censuris
904 1378 945 1390 esse
962 1372 1038 1391 solutos
1058 1372 1146 1397 patiatur,
1162 1370 1186 1389 nisi

270 1402 319 1420 forte
334 1402 381 1426 quid
402 1402 542 1425 commiserint,
562 1403 615 1427 quud
630 1406 674 1427 post
688 1403 741 1421 datas
760 1403 823 1421 literas
844 1407 919 1422 nostras
939 1403 1066 1422 commissum
1086 1410 1125 1422 esse
1143 1401 1186 1422 videri

271 1433 338 1458 possit.
353 1433 407 1452 Bene
419 1433 485 1452 valeat.
501 1433 625 1452 Petricoviae.

295 1498 339 1518 753.
611 1499 684 1518 Petro
703 1499 865 1523 Gloqowski,

445 1530 614 1549 Inter-nuncio
628 1530 662 1549 ad
677 1531 824 1549 Concilium
838 1531 1027 1550 Tridentinum.

876 1572 1007 1595 Petricouiae,
1021 1573 1050 1591 20·
1064 1573 1135 1592 Martii
1148 1573 1193 1592 1552.

331 1608 386 1630 Quos
400 1608 474 1627 labores
489 1614 577 1633 quaeque
592 1609 675 1633 pericula
690 1608 780 1631 adierim,
794 1609 841 1627 dum
856 1609 967 1633 dignitatem
984 1612 1072 1628 nostram
1094 1610 1195 1634 ordinisque

268 1639 328 1658 nostri
343 1640 465 1658 autoritatem
481 1640 500 1658 in
515 1639 603 1658 Comitiis
618 1639 711 1663 defendo,
732 1646 799 1658 omnes
813 1640 843 1658 hic
861 1640 959 1663 viderunt,
973 1639 997 1658 V.
1011 1644 1079 1659 autem
1100 1641 1170 1660 Ftatem
1182 1640 1196 1659 id
1215 1652 1216 1655 ,

304 1692 308 1702 ¹
331 1691 364 1706 Sic!
