1465 2093
222 207 257 225 39²
590 206 608 219 Α.
622 200 784 219 mmmm

222 258 334 282 dignitatem
354 264 417 275 meam
437 257 537 276 maledicta
555 261 573 276 et
590 258 692 276 verborum
712 257 833 276 contumeliis
852 261 909 282 atque
929 261 1031 276 scommata
1046 258 1104 282 permin'q
1125 260 1133 271 τι·

221 289 316 313 licercque
331 288 439 307 arbitratur.
454 289 513 311 Quod
528 288 572 307 fecit
584 288 669 313 Crupek,
683 294 722 307 non
735 292 774 307 tam
788 288 840 307 solus
852 288 902 312 fecit,
917 294 976 313 quam
987 294 1021 312 ope
1031 289 1104 313 consilioq:
1127 291 1135 303 ὶ

221 320 302 338 aliorum
317 320 393 344 adjutus
408 324 426 338 et
440 320 575 343 inflammatus,
590 321 644 344 quod
658 320 677 338 in
692 326 722 338 me
737 323 800 338 autem
815 320 865 343 fecit,
876 319 895 338 id
908 326 947 338 non
959 324 998 337 tam
1011 319 1029 338 in
1038 326 1067 342 me,
1076 326 1106 344 qun
1127 317 1133 332 1

220 351 239 369 in
254 351 321 376 ipsam,
336 357 385 375 quae
400 351 456 369 nobis
470 357 492 369 ex
506 357 568 376 aequo
582 351 691 370 communis
708 355 735 370 est
754 351 862 376 Episcopis,
876 351 989 375 dignitatem
1000 355 1018 369 et
1030 351 1106 369 autoriutn
1129 353 1135 365 ἒ

220 383 285 401 secisse
300 383 380 401 videtur.
396 382 462 407 ltaque
476 389 536 408 quum
551 382 644 407 intelligat
658 382 681 400 V.
697 382 719 401 R.
734 382 789 405 Dtio,
803 389 834 401 me
850 382 989 401 communibus
1002 382 1059 400 vestris
1069 382 1108 401 vin'lm
1131 385 1135 396 ³

219 418 237 432 et
251 414 336 432 consiliis
356 414 448 432 tuendum
468 420 517 437 esse,
537 418 577 433 tum
597 420 633 438 ego
648 414 667 432 id
681 414 705 432 ab
720 414 750 432 illa
770 414 826 438 plane
846 418 891 438 peto
906 418 925 432 et
939 419 1020 438 quaeso,
1038 417 1055 432 ut
1064 419 1088 438 pro
1095 413 1114 432 d*
1133 416 1135 428 ἱ

218 445 276 463 animi
297 449 355 469 atque
370 445 440 469 ingenii
461 445 586 469 praestantia,
606 451 681 469 proque
696 451 717 463 ea
736 444 835 467 facultate,
856 451 915 469 quam
935 445 1047 469 praeclaram
1060 451 1077 463 ex
1087 444 1111 468 imi

219 476 336 501 cognitionis
356 480 383 494 est
403 480 514 499 consecuta,
537 476 584 495 mihi
604 482 638 501 per
655 476 718 494 literas
736 480 835 500 suggerat,
858 476 929 500 ecquid
949 476 973 494 ad
993 482 1081 494 commune
1093 476 1113 494 hot

219 507 328 526 incendium
344 507 496 531 extinguendum
511 507 554 532 opis
568 507 671 532 auxiliique
685 507 755 526 adferri
770 513 827 532 posse
841 511 860 525 et
874 508 944 526 debere
961 507 1055 526 existimet.
1071 507 1085 525 Id
1094 513 1114 531 qm

219 538 284 557 fecerit
298 538 361 561 citius,
381 538 419 556 hoc
433 538 498 556 fecerit
512 542 530 557 et
544 539 673 563 opportunius
688 542 706 557 et
720 538 767 557 mihi
781 538 894 563 jucundius.
915 539 988 557 Interea
1003 538 1068 563 optime
1078 538 1115 556 velm-

220 569 331 592 Cracoviae,
346 570 397 588 XXII
413 570 496 588 lanuarii
512 570 590 588 MDLII.

244 641 289 662 742.
551 643 682 662 cardinali
696 643 825 666 carpensi.

604 680 614 690 ⁰
819 689 938 712 Cracoviae,
952 690 979 708 23
992 690 1077 708 Januarii
1087 690 1120 708 lm

282 726 376 751 Singulari
397 726 482 750 quodam
498 726 536 744 sato
551 730 569 745 et
583 726 654 744 Divino
669 725 741 744 facturn
755 732 813 749 esse,.
827 726 924 749 existimo,
938 730 960 745 ut
974 726 1047 749 literae,
1064 725 1121 751 quaetb

219 757 246 776 Ill.
262 762 280 776 et
294 757 316 776 R.
332 757 354 775 V.
370 757 441 776 Dtione
455 763 491 781 pro
506 757 607 776 Francisco
628 757 751 780 Lismanino,
771 757 865 776 Poloniae
880 757 979 781 Ministro,
999 758 1022 776 ad
1036 757 1121 782 Episcopum

219 789 367 807 Cracoviensem
382 788 522 811 scribebantur,
540 794 602 813 neque
618 788 703 807 Samueli
715 789 726 811 ¹,
747 794 809 813 neque
823 789 913 813 cuiquam
929 789 1043 807 nominatim
1061 788 1122 807 inscribe·

219 824 291 842 rentur,
306 820 339 838 sed
354 820 379 838 ita
394 820 552 844 relinquerentur,
566 824 586 838 ut
600 820 633 844 qui
648 820 707 838 modo
721 824 770 838 esset
784 819 918 838 Cracoviensis
933 820 1027 843 Antistes,
1040 820 1084 839 idem
1095 820 1123 838 [oret

219 851 315 869 literarum
331 851 353 869 V.
369 851 394 869 Ill.
410 851 486 869 Dtionis
506 851 602 875 legitimus
622 855 724 875 perceptor
738 855 757 869 et
771 851 883 876 resignator.
906 851 948 870 Hac
963 852 1014 870 enim
1035 852 1096 877 ratione
1108 850 1123 869 fn-

220 886 271 901 ctum
286 886 319 905 est,
334 886 354 900 ut
368 882 421 906 quod
436 882 520 900 Samueli
540 882 602 901 adhuc
616 882 735 901 scribebatur
755 882 791 908 (sic
806 883 857 901 enim
872 889 894 901 ex
908 882 1006 907 adscripto
1025 883 1055 902 die
1067 887 1082 901 et
1092 887 1123 900 anm

219 913 318 936 intellexi),
338 913 356 932 id
371 919 407 937 ego
422 913 517 932 Samuelis
536 919 634 932 successor
653 913 727 938 aperire
744 913 846 938 legereque
865 920 904 932 non
919 914 1037 937 dubitarem,
1055 914 1082 938 qui
1098 919 1123 937 pn>

219 944 269 963 fecto
284 945 299 963 si
313 945 337 962 ad
352 948 413 963 cetera
434 945 528 963 Samuelis
548 951 627 963 munera
648 944 739 968 successi,
754 944 774 963 in
788 944 824 963 hoc
838 951 878 963 unu
893 951 933 963 non
947 949 986 963 tam
1001 945 1076 964 successi
1088 950 1135 971 quim,

220 976 319 1000 praecessi,
334 976 387 1000 quod
401 976 452 994 hunc
467 976 530 1000 ipsum
546 976 670 995 Franciscum
685 976 827 999 Lismaninum,
847 982 906 1000 quem
921 976 1002 1001 epistola
1017 976 1039 995 V.
1053 977 1075 995 Ill.
1088 976 1123 994 Μῑὶιε

219 1007 369 1029 commendavit,
389 1006 511 1031 singulariter
530 1013 607 1031 semper
626 1007 739 1031 complexus
753 1007 789 1030 sui,
809 1007 888 1032 ejusque
907 1007 1020 1032 <lignitatem
1035 1012 1053 1026 et
1065 1007 1135 1029 furtum-³,

219 1038 277 1057 habui
292 1038 419 1059 charissimas.
433 1038 471 1063 jam
487 1038 531 1057 inde
546 1044 606 1063 quum
622 1044 671 1063 pene
683 1045 693 1057 a
705 1038 770 1063 pueris
784 1045 819 1057 nos
834 1038 883 1057 inter
897 1045 933 1057 nos
944 1039 1083 1058 familiarissime
1092 1032 1135 1056 ariu-¹

219 1076 293 1093 remus,
317 1069 423 1094 iisdemque
443 1070 510 1088 studiis
530 1070 628 1088 literarum
648 1076 727 1094 operam
747 1070 842 1088 daremus.
865 1070 999 1092 Quamobrem
1019 1070 1068 1095 quud
1083 1069 1135 1087 adhue

219 1105 288 1125 sponte
309 1107 350 1119 mea
366 1100 411 1124 feci,
431 1101 450 1119 id
465 1101 573 1119 hortatione
586 1101 609 1119 V.
625 1101 651 1119 111.
673 1101 748 1119 Dtiunis
768 1101 829 1119 multo
844 1107 887 1120 sum
901 1101 986 1120 facturus
1006 1101 1100 1122 ardentius,
1112 1103 1123 1117 ¹¹1

220 1132 275 1156 plane
289 1132 383 1157 intelligat
396 1136 414 1150 et
429 1132 551 1151 Lismaninus
566 1136 584 1151 et
598 1133 698 1151 universus
712 1132 885 1151 Franciscanorum
899 1133 955 1156 ordo,
970 1139 1001 1151 me
1014 1133 1038 1151 ad
1051 1139 1068 1151 se
1080 1132 1123 1156 jus-arr

220 1163 267 1182 dum
282 1168 300 1182 ct
313 1163 422 1182 ornandum
442 1164 544 1182 autoritate
559 1164 581 1182 V.
596 1164 622 1182 111.
637 1163 714 1182 Dtionis
728 1170 768 1182 non
785 1163 907 1182 mediocriter
926 1168 1036 1188 permotum
1055 1169 1092 1182 esse.
1106 1161 1124 1180 Sic

219 1195 270 1213 enim
285 1194 320 1213 sibi
336 1194 391 1213 velim
403 1195 426 1213 V.
439 1194 466 1213 Ill.
482 1195 526 1213 Dtio
542 1195 662 1219 persuadeat,
676 1202 699 1213 ex
713 1201 736 1214 eo
751 1199 845 1219 tempore,
860 1201 899 1220 quo
911 1199 929 1214 et
941 1195 987 1214 alias
1001 1196 1058 1214 multa
1068 1199 1083 1213 et
1092 1198 1124 1212 nunc

220 1232 241 1244 ex
256 1226 293 1244 nni
308 1226 414 1244 Lismanini
434 1232 523 1244 sermone
541 1226 623 1250 plurima
643 1227 666 1244 de
681 1226 741 1250 ipsius
760 1226 858 1245 excellenti
873 1226 942 1245 virtute
956 1226 1047 1251 cognovi,
1061 1224 1123 1244 nihils&

219 1263 248 1279 ru,
264 1258 316 1282 quod
331 1257 378 1275 mihi
392 1263 428 1281 pro
442 1258 473 1275 illa
488 1257 549 1276 facere
563 1264 620 1282 grave
635 1257 721 1282 inprimis
736 1262 768 1276 aut
782 1257 981 1276 arduum'vidcretur.
1000 1258 1032 1276 Illa
1047 1264 1073 1275 me
1085 1255 1124 1275 modo

219 1295 280 1313 quum
296 1289 314 1307 in
329 1294 383 1307 suam
398 1289 457 1313 ipsius
471 1289 552 1313 gratiam
567 1289 662 1313 posuerit,
682 1289 738 1307 etiam
754 1289 773 1307 in
788 1289 907 1307 Sanctissimi
922 1289 960 1307 Dni
975 1289 1039 1307 Nostri
1057 1288 1124 1311 Sedisqsse

219 1319 272 1338 istius
290 1320 413 1344 :spostolicae
433 1326 505 1344 ponere
521 1326 560 1338 non
575 1320 694 1344 dedignetur.
710 1320 764 1342 Quae
778 1320 859 1344 longum
874 1319 918 1338 felix
933 1321 998 1338 valeat.
1020 1320 1083 1338 Datum
1095 1318 1124 1336 Cu·

218 1350 291 1374 caviac,
306 1351 366 1369 XXIII
381 1351 465 1369 „Ianuarii
480 1350 559 1369 MDLII.

245 1423 290 1443 743.
410 1424 610 1443 Bartholomaeo
625 1424 789 1449 Gadkowski
799 1424 811 1447 ²,
826 1424 931 1444 vicario
940 1425 952 1443 ²¹.

805 1472 933 1494 Petricoviae,
949 1473 962 1489 (Ι
975 1471 1077 1490 Februarii
1088 1469 1126 1488 1552-

282 1508 329 1526 Dedi
345 1508 485 1532 postulantibus
501 1508 554 1526 Rmis
568 1514 611 1526 cum
626 1508 727 1532 Episcopis
748 1512 788 1526 tum
803 1508 956 1533 Archiepiscopo
970 1508 1071 1533 imprimis,
1083 1511 1099 1525 ιιι
1109 1505 1127 1524 Si·

219 1539 281 1558 munis
294 1540 297 1551 ¹
312 1539 398 1563 Magistri
413 1545 496 1562 causam,
511 1545 560 1564 quae
575 1539 633 1558 Ftatis
647 1539 670 1557 V.
685 1539 756 1563 judicio
772 1543 865 1558 transacta
880 1540 986 1563 videbatur,
1001 1540 1061 1564 ipsius
1073 1539 1092 1557 R·
1104 1535 1127 1555 Dssl

218 1570 364 1595 Archicpiscopi
385 1570 490 1593 cognitioni
510 1571 648 1595 permitterem.
668 1571 733 1593 Quam
747 1571 771 1589 ad
789 1577 830 1589 rem
848 1571 941 1595 quoniam
959 1571 1004 1590 actis
1019 1571 1041 1589 iis
1054 1569 1128 1589 omnibus

218 1608 268 1627 qur-n:
288 1602 307 1620 in
327 1608 384 1620 causa
407 1602 458 1626 apud
480 1602 574 1626 judicium
596 1601 655 1620 Ftatis
672 1602 695 1620 V.
714 1601 803 1626 fuerunt,
826 1608 876 1626 opus
898 1602 968 1620 habere
992 1601 1129 1626 Archiepiscopffl

254 1676 258 1686 ¹
281 1675 392 1694 Mniejnwnki.
456 1675 462 1685 ²
477 1675 509 1690 List
521 1674 550 1694 743
563 1675 567 1689 i
578 1679 604 1689 nn.
615 1674 669 1694 pisane
681 1679 698 1694 sq
709 1679 727 1689 ze
738 1675 788 1694 sejmu
800 1679 815 1689 w
827 1674 927 1689 Piotrkowie.

252 1702 259 1713 ⁸
280 1701 386 1717 annovienni.
450 1701 456 1711 ⁴
471 1701 490 1716 dc
502 1700 593 1716 Wieliczka.
