1465 2093
577 201 717 215 EPISTOLARUM
731 202 792 219 mum,
806 202 854 215 MDL.
1151 198 1188 222 257

256 260 287 278 *go
304 254 363 272 etiam
378 254 418 279 ipse
432 254 498 277 adero,
519 259 629 278 quanquam
644 254 702 272 vitam
718 253 833 278 profundere
848 254 934 273 nondum
948 254 984 272 sim
1002 258 1088 279 paratus,
1106 255 1136 273 vel
1150 254 1186 273 Ve-

256 285 349 304 nerabiles
368 285 470 304 familiares
488 291 542 303 meos
559 285 645 308 mittam,
665 290 748 309 quorum
765 285 847 304 salutem
861 291 882 303 ac
897 284 1049 304 incolumitatem
1066 292 1105 304 non
1123 286 1187 304 minus

256 322 312 341 [uam
327 323 390 335 meam
405 316 482 335 charam
497 316 566 334 habeo.
582 316 613 335 Sic
627 322 658 334 me
673 316 702 334 isti
718 316 786 335 limites
800 316 900 334 delectant.
919 316 1052 339 Quamobrem
1067 317 1090 335 de
1104 321 1187 342 utroque

256 354 281 366 ne
297 348 379 366 Dtiones
394 348 434 366 VV.
449 348 541 371 doceant,
558 347 597 366 sive
612 347 662 366 diem
680 347 717 366 sint
737 347 843 372 praefixum
863 348 1006 371 observaturae,
1025 348 1065 366 sive
1085 348 1186 367 dilaturae:

256 379 306 404 [uod
321 379 337 397 si
352 379 454 401 dilaturue,
477 379 502 397 ita
517 385 574 403 rogo,
594 382 616 397 ut
629 378 721 402 diserent,
741 382 762 397 ut
779 382 822 397 ante
840 378 895 397 ferias
909 379 1037 397 Surrectionis
1056 379 1186 398 Dominicae¹

256 410 328 429 nullum
343 410 478 435 praestituant,
493 416 537 428 nam
552 416 583 428 me
595 414 613 428 et
625 409 728 428 Cracoviae
743 409 835 428 mandato
849 410 941 434 Principis
955 410 979 428 ad
993 410 1044 428 diern
1057 410 1187 429 Catharinae²

256 435 327 463 desse.
345 446 364 460 et
377 442 401 460 ad
416 441 467 460 diem
481 441 556 460 Priscae
571 441 652 466 Synodo
667 445 742 459 nostrae
760 441 864 465 episcopali
875 441 882 453 ³
896 441 985 460 interesse
1000 445 1083 466 oportet·
1103 441 1186 460 Interea-

256 479 289 497 [ue
304 473 362 491 etiam
378 479 417 491 non
433 473 499 496 video,
515 472 561 497 quid
575 472 654 496 periculi
670 472 722 495 insit,
737 478 798 497 quum
813 472 836 490 de
850 472 909 497 pratis
922 474 1087 497 tantum'agatur,
1102 479 1185 497 quorum

256 510 334 522 ›rumac
349 504 385 523 hoc
400 507 489 528 tempore
505 510 551 522 usus
565 503 628 522 nullus
642 509 683 522 esse
697 507 765 528 potest.
780 503 832 522 Bene
847 503 908 522 valere
923 503 945 521 V.
960 503 1026 522 Mtiam
1041 508 1095 528 opto.

275 584 323 604 533.
425 585 536 604 Martino
550 585 651 607 'ress-env
666 585 805 608 capitaneo
820 584 1014 608 Lamborgensi.

810 631 952 656 Stolzenbergi,
968 637 992 650 m.
1007 631 1114 655 Septembri
1127 632 1185 650 1550.

316 668 376 692 Saepe
391 668 438 686 mihi
453 674 488 692 pro
503 668 595 686 fructibus
606 668 612 680 ⁴
627 668 674 686 meis
690 664 819 686 Pomeranicis
839 667 934 685 laboranti
950 673 1064 691 responsum
1084 673 1124 686 esse
1138 674 1148 686 a
1163 668 1185 686 V.

256 699 298 718 saxia
314 699 399 722 memini,
414 699 525 718 effecturam
540 699 590 718 illam
606 705 627 718 ex
642 698 707 717 officio
722 703 741 717 et
755 698 855 717 autoritate
867 704 907 721 sua,
922 702 943 716 ut
957 698 983 722 id,
998 698 1051 723 quod
1065 698 1106 722 jure
1121 704 1185 717 meurn

256 734 288 753 est,
302 730 358 749 etiam
374 730 436 749 fructu
452 734 469 749 et
484 730 604 754 possessione
618 730 642 749 sit
656 736 726 749 meum.
742 730 805 754 Hujus
820 736 855 754 ego
870 729 959 754 promissi
973 729 1011 747 vim
1026 733 1083 754 atque
1097 729 1186 748 effectum

256 761 343 780 hactenus
357 766 446 785 exspecto
462 767 550 786 rogoque
564 761 586 779 V.
601 761 678 784 Mtiam,
694 767 717 779 ne
732 767 763 779 me
778 760 849 779 diutius
867 766 982 785 suspensum
996 760 1056 779 animi
1073 767 1113 779 esse
1127 761 1185 785 patia-

256 796 291 817 tur,
304 793 350 817 quin
364 799 419 817 spem
434 793 505 817 potius,
520 799 578 817 quam
592 792 640 811 mihi
654 792 713 810 literis
727 792 773 811 olim
788 792 827 810 suis
841 791 934 815 excitavit,
949 798 1000 810 nunc
1015 791 1122 810 confirmet.
1143 792 1185 815 Qua

257 823 280 842 de
293 830 311 842 re
325 824 422 848 scripsisse
442 823 573 848 superioribus
594 823 661 842 dicbus
684 824 708 841 ad
722 823 745 842 V.
765 823 831 842 Mtiam
846 829 896 847 opus
915 823 986 841 habere
1007 829 1045 841 non
1060 823 1148 846 arbitror,
1168 828 1187 842 et

259 855 324 879 alioqui
338 855 436 873 literarum
451 855 488 879 jam
503 855 547 873 satis
562 855 607 873 suit:
622 861 677 879 regn,
692 859 713 873 ut
727 855 756 879 jus
771 854 818 873 mihi
832 854 856 872 de
870 854 918 873 meis
933 854 1045 873 nominibus
1059 854 1117 878 dicat,
1135 855 1186 873 solus

262 886 367 911 lienemque
382 886 417 904 illis
432 886 513 910 imperet
525 886 548 904 V.
563 886 615 904 Mtia.
639 886 681 910 Ego
695 886 710 904 si
721 885 780 904 literis
795 892 851 910 agere
864 885 944 908 vellem,
964 886 1021 904 etiam
1036 885 1101 910 Regiis
1114 892 1186 910 nequa-

262 922 312 941 quam
326 917 450 940 destituerer,
469 917 502 935 sed
517 917 536 935 in
552 917 603 935 nuda
618 917 640 935 V.
655 917 713 935 Mtiae
733 916 815 935 amicitia
830 917 911 935 libenter
928 917 1055 941 conquiesco,
1074 917 1185 941 praesertim

261 947 279 965 in
290 949 334 972 justa
349 955 411 967 causa.
426 948 478 967 Bene
493 949 553 967 valeat
568 948 614 967 Mtia
628 948 652 967 V.

282 1028 324 1048 534.
537 1030 624 1051 Paulo,
638 1030 766 1053 Episcopo
781 1029 905 1048 vunensi.

755 1074 904 1101 Stolzenbergi,>
912 1079 993 1094 exeunte
1006 1076 1114 1100 Septembri
1128 1076 1185 1094 1550.

317 1113 391 1131 Taedio
406 1112 475 1131 confici
490 1113 573 1131 arbitror
587 1112 609 1131 V.
624 1113 647 1131 R.
663 1112 764 1136 Dtionem,
782 1113 835 1137 quod
850 1116 888 1131 tam
902 1112 961 1137 longo
979 1116 1065 1137 ternpore
1080 1112 1186 1136 praesentia

256 1141 281 1160 R-
297 1144 330 1162 Dni
343 1144 409 1162 Albini
425 1144 542 1169 Suffraganei
554 1144 561 1156 ⁶
574 1144 666 1167 caruerit,
686 1150 731 1162 nani
746 1148 763 1163 ct
778 1150 814 1169 ego
829 1144 869 1168 ipse
884 1143 1023 1162 consuetudine
1040 1143 1090 1162 illius
1104 1143 1129 1162 ita
1143 1149 1186 1162 sum

256 1174 376 1194 vehementer
396 1175 510 1200 delectatus,
532 1179 553 1194 ut
567 1175 671 1194 discessum
692 1175 742 1194 hunc
756 1175 816 1200 ipsius
831 1181 869 1193 non
885 1175 958 1199 possim
972 1175 1013 1193 sine
1029 1174 1093 1193 taedio
1107 1174 1186 1199 sineque

256 1205 313 1224 animi
327 1207 414 1225 molestia
429 1207 484 1225 ferre.
499 1206 523 1225 Et
537 1210 587 1225 certe
602 1206 661 1225 fretus
675 1206 735 1231 gratia
749 1210 806 1231 atque
821 1206 955 1225 benevolentia
970 1206 992 1224 R.
1008 1206 1084 1224 Dtionis
1098 1206 1128 1229 V.,
1142 1212 1186 1230 pro-

256 1239 351 1257 perantem
366 1238 420 1256 illum
435 1238 508 1262 aliquot
522 1238 562 1256 dies
577 1238 655 1261 retinui,
674 1242 695 1256 ut
709 1244 753 1256 cum
767 1244 790 1257 eo
805 1238 865 1262 magis
885 1241 942 1262 atque
962 1237 1022 1262 magis
1037 1241 1055 1256 et
1073 1237 1186 1256 memoriam

256 1264 281 1284 R·
296 1268 366 1288 Dtionis
381 1269 403 1287 V.
419 1269 537 1293 resricarem,
558 1273 577 1288 et
590 1269 614 1287 de
628 1269 684 1287 rebus
699 1269 797 1293 religionis
816 1273 873 1293 atque
888 1269 983 1287 Ecclesiae
1000 1269 1118 1292 conferrem,
1132 1274 1186 1293 prae-

256 1300 318 1318 Sertim
332 1306 355 1319 eo
371 1300 408 1318 loci
429 1306 488 1325 quum
504 1300 598 1323 venerim,
618 1300 651 1319 ubi
666 1304 684 1319 et
702 1300 768 1325 religio
782 1306 792 1318 a
807 1304 871 1318 nostra
889 1299 1027 1318 consuetudine
1047 1299 1137 1318 nonnihil
1154 1299 1186 1317 de-

256 1326 311 1355 flexit,
325 1335 343 1350 et
357 1332 452 1356 reparatio
471 1336 528 1356 atque
549 1331 642 1350 restitutio
656 1331 707 1350 illius
721 1335 750 1350 est
764 1331 810 1350 mihi
826 1331 917 1356 delegata.
938 1331 957 1349 ln
972 1337 1009 1355 qua
1024 1337 1044 1349 re
1058 1331 1084 1350 ita
1103 1337 1133 1349 me
1147 1335 1186 1349 stu-

256 1358 313 1385 dium,
327 1363 441 1385 doctrinam,
455 1363 585 1387 prudentiam,
600 1363 732 1381 dexteritatem
747 1368 801 1381 suam
816 1362 847 1381 ille
861 1362 950 1387 probavit
960 1362 972 1384 ὅ,
987 1365 1008 1380 ut
1019 1362 1070 1380 hunc
1084 1362 1141 1380 istum
1152 1362 1186 1380 do-

256 1387 322 1417 ¹ctrern,
342 1400 401 1419 quern
416 1394 439 1412 de
455 1394 538 1413 discessu
554 1394 595 1419 ejus
609 1394 680 1416 habeo,
698 1394 734 1412 hoc
749 1394 795 1412 mihi
810 1393 955 1412 cumulatiorem
970 1393 1034 1416 faciat,
1048 1394 1102 1418 quod
1116 1393 1186 1418 gratifi-

256 1425 308 1443 tundi
322 1425 358 1444 sibi
374 1425 425 1443 nulla
440 1425 487 1443 mihi
502 1425 538 1444 huc
553 1430 638 1450 ternpore
653 1425 738 1449 praebita
752 1425 776 1444 sit
790 1425 875 1448 occasio⁴,
896 1431 939 1443 nam
955 1424 985 1443 ille
1000 1424 1074 1449 magnis
1089 1425 1145 1443 rebus
1159 1428 1187 1443 est

256 1453 331 1481 dignus,
351 1462 464 1480 magnarum
479 1463 525 1475 vero
540 1463 604 1475 rerum
618 1456 694 1475 occasio
708 1456 759 1475 haud
776 1462 833 1480 saepe
848 1455 950 1480 repentinis
964 1456 1086 1480 temporibus
1105 1455 1186 1474 interve-

256 1487 290 1507 lire
306 1488 362 1506 solet.
383 1487 426 1506 Hoc
446 1488 530 1512 primurn
549 1488 613 1512 itaque
627 1494 637 1506 a
652 1487 675 1506 R.
690 1487 760 1506 Dtione
774 1487 797 1506 V.
814 1491 859 1512 peto
874 1491 891 1505 et
906 1492 987 1511 quaeso,
1008 1493 1031 1505 ne
1045 1486 1092 1511 quid
1111 1486 1138 1505 illi
1152 1486 1187 1505 hac

256 1524 304 1539 nora
319 1519 380 1544 gratia
395 1519 418 1537 V.
433 1519 455 1537 R.
470 1519 546 1538 Dtionis
568 1519 672 1543 diminuat,
693 1525 750 1544 quam
765 1519 796 1537 ille
811 1525 885 1537 rnoram
900 1518 982 1543 sumpsit
997 1518 1120 1541 amicissime,
1134 1518 1187 1536 duxit

275 1620 281 1631 ¹
309 1623 332 1639 ²9
339 1618 390 1633 Martii
399 1618 442 1633 1551.
506 1618 512 1628 ²
527 1618 546 1633 25
553 1618 648 1633 Novembris
658 1618 725 1636 1550,cs.
733 1618 767 1638 507.
831 1618 837 1628 ⁸
852 1617 886 1632 Sic!
945 1617 951 1627 Ι
966 1617 1039 1632 Dccimis.
1095 1617 1102 1627 ¹
1117 1616 1141 1632 Cf.
1153 1617 1187 1636 527.

272 1647 281 1657 ⁵
307 1645 325 1660 O
338 1648 371 1665 (μη
383 1644 445 1664 Jerzym
457 1644 518 1659 Albinia
528 1644 601 1664 powiada
612 1644 643 1659 Jul.
655 1644 776 1659 Bartoszewicz:
792 1643 832 1663 „Byl
843 1644 906 1663 umyslu
922 1643 1046 1663 nicspokojnego
1058 1643 1061 1658 ἰ
1073 1643 1094 1658 do
1105 1643 1188 1658 nuwostek

306 1672 387 1691 sklonny,
399 1671 455 1691 mys'lar
466 1671 542 1690 pudobno
551 1675 561 1685 o
570 1670 639 1685 kos'ciele
652 1671 754 1690 narodowym
766 1670 770 1685 i
782 1670 913 1690 zaprowaulzeniu
925 1669 983 1689 liturgii
994 1669 1061 1690 polskiej
1071 1674 1085 1684 w
1094 1668 1188 1688 obrzednch,

308 1697 436 1718 podejrtywany
447 1697 481 1716 stqd
493 1701 503 1712 o
515 1696 601 1717 sprzyjanie
613 1696 692 1712 sektom'‘.
