1465 2093
274 206 310 224 528
643 211 663 225 Α.
676 211 837 225 mnamwsn.
863 223 865 225 .

273 269 312 287 quo
328 263 368 287 ipse
382 269 425 281 cum
441 262 532 281 Conrado
552 262 630 287 Crupek
650 269 762 288 comparere
782 263 844 282 vellet.
866 263 897 282 Ad
912 263 966 288 cujus
986 263 1101 288 petitionem
1114 263 1134 282 R.
1145 263 1182 283 Dum

273 294 327 312 Dnus
342 294 450 318 Episcopus
465 294 491 313 nil
505 300 584 319 prorsus
599 294 651 318 fecit,
673 295 706 313 sed
720 295 744 313 nd
759 301 825 319 preces
840 294 933 313 Generosi
948 295 1047 313 Laurentii
1068 295 1148 314 Lazinski
1158 299 1182 314 tn·-

273 325 346 343 minum
363 325 395 349 ipsi
412 325 503 344 Conrado
518 325 595 350 Crupek
610 332 646 350 pro
661 326 692 344 die
706 326 790 350 praefata
804 326 913 351 assignavit.
934 326 1000 348 Quum
1016 326 1081 351 itaque
1097 326 1146 345 scire(
1156 327 1184 345 Ms-

273 356 353 381 gnificus
367 356 422 374 Dnus
436 356 533 375 Palatinus
548 356 664 380 Calisiensis,
679 357 732 382 quod
747 357 769 376 R.
784 357 838 376 Dnus
852 357 960 382 Episcopus
975 357 994 376 in
1005 357 1090 376 termino
1104 358 1184 382 praeterita

272 388 295 405 ad
311 387 410 412 negotium
426 387 463 406 hoc
477 388 541 412 judicii
560 392 646 412 rogasset
659 392 677 407 et
691 388 810 407 adhibuisset
829 394 888 413 quam
903 388 968 412 plures
988 388 1098 413 Magnetes,
1112 388 1185 407 Cousffia-

273 418 311 437 rios
326 422 344 436 et
358 418 471 443 dignitarios
488 419 549 443 Regni
564 419 666 442 Poloniae,
686 419 774 438 videlicet
788 419 815 438 lll-
830 423 848 438 et
866 419 992 444 Magnificum
1012 420 1080 438 Dnum
1099 420 1186 438 Pal-tinum

273 449 420 468 Cracoviensem
434 451 444 472 ¹,
462 456 483 468 ac
497 450 625 474 Sadecensem
635 450 649 473 ²,
664 450 792 475 Byeczenscm
802 451 815 473 ³,
830 450 992 469 Czechoviensem
1002 451 1016 474 ⁴,
1035 450 1186 476 Osswyaczimien-

272 487 312 499 sem
324 482 330 493 ⁵
344 485 378 499 etc.
394 481 520 504 Castellanos‚
535 481 653 505 existimavit,
668 488 688 500 se
702 488 741 500 non
756 482 836 500 minoris
850 482 989 501 aestimationis
1003 488 1039 501 nec
1053 482 1117 501 minus
1129 486 1187 507 gratum

272 513 323 537 apud
338 512 395 531 Suam
412 512 434 530 R.
450 512 540 531 Dtionem
556 513 648 531 futurum.
664 513 730 535 Quum
745 513 809 538 itaque
823 513 843 532 in
858 513 940 532 termino
958 519 1072 538 comparere
1089 513 1141 532 vellet
1156 519 1187 532 cum

273 543 364 562 Conrado
379 543 469 568 Crupek.
490 544 581 562 servitore
601 550 643 567 suo,
664 544 686 562 R.
703 544 756 562 Dnus
773 544 881 569 Episcopus
896 544 1029 563 Cracoviensis
1049 544 1188 569 congregatissd

272 581 292 593 se
306 575 396 594 omnibus
416 575 482 593 aulicis
496 579 514 593 et
528 575 653 594 servitoribus
666 575 711 598 suis,
728 576 805 594 armatis
820 576 839 594 in
854 575 949 594 car-‘scenis
964 579 982 594 et
995 576 1074 599 loricis,
1094 579 1133 594 tum
1146 576 1188 594 etism

272 607 356 625 scultetis
376 606 414 625 suis
434 612 477 625 eum
497 606 575 631 gladiis,
594 607 664 625 lanceis
679 610 697 626 et
711 606 832 630 bombardis,
852 607 932 631 insuper
949 607 972 625 ad
991 607 1138 631 portas-curiae
1155 612 1189 625 sune

272 641 367 656 tormenta
382 637 449 656 bellica
462 638 538 656 locavit.
553 638 576 656 Et
591 638 678 663 quamvis
692 644 727 662 per
741 637 851 656 Generosos
866 638 965 656 Nicolaum
981 637 1101 661 Czikowski,
1114 638 1189 662 Zegoum

273 669 346 687 Morski
366 673 383 687 ot
398 669 531 688 Venerabilem
552 669 616 687 Dnum
631 669 749 693 Rapha'e'lem
769 669 889 693 Vargawski,
910 668 1032 688 Canonicum
1052 668 1189 692 Cracoviensem,

272 701 312 725 ipse
327 700 381 719 Dnus
396 700 503 725 Episcopus
518 700 561 718 Dno
576 700 663 719 Palatino
678 700 779 719 Kalisiensi
793 700 910 719 indicaverat
924 704 942 719 et
956 700 1083 725 promiserat,
1101 701 1150 725 quod
1161 704 1189 718 tor·

272 736 335 750 menta
350 731 417 750 bellica
432 736 450 750 et
464 731 533 750 milites
547 731 593 750 istos
607 735 691 750 armatos
706 738 715 749 a
730 735 785 756 porta
800 737 889 750 amovere
904 735 922 750 et
936 736 992 756 porta
1009 736 1077 756 aperta
1092 732 1152 750 Dnum
1164 731 1190 750 ΡΙ·

271 763 352 781 latinum
368 769 410 781 cum
426 762 517 781 Conrado
532 763 610 787 Krupek
624 763 684 781 libere
698 763 772 781 mittere
786 763 850 786 vellet',
864 763 897 781 sed
910 769 971 788 quum
983 763 1039 782 Dnus
1052 763 1146 782 Palatinus
1156 769 1190 781 cum

272 794 316 812 Dno
326 793 434 812 Castellano
448 794 585 812 Czechoviensi
600 794 624 812 ad
636 794 699 812 valvas
715 798 781 818 portae
792 794 879 817 venisset.
892 801 933 813 eam
946 794 1031 813 clausum
1044 795 1115 819 reperit
1127 798 1144 813 et
1153 794 1190 812 cim

272 825 323 844 illam
336 831 426 850 magnam
438 829 531 844 catervam
545 825 645 844 hominum
660 829 778 843 armatorum
791 831 834 844 cum
846 826 916 844 lanceis
928 830 946 844 et
957 825 1078 844 bombardis.
1093 824 1190 850 Magnificus

272 857 336 881 itaque
351 856 405 875 Dnus
420 856 517 875 Palatinus
536 856 653 881 intelligens,
673 856 742 881 judicia
762 857 859 881 quaelibet
878 857 947 875 merito
966 857 1037 875 debere
1051 856 1093 875 fieri
1110 857 1190 881 palmet

272 892 346 912 aperte,
361 891 380 906 et
394 887 489 912 ejusmodi
508 888 626 910 actionibus,
646 888 680 906 ubi
694 893 734 906 non
754 888 860 906 rationibus
879 889 913 907 sed
927 888 985 907 armis
1004 888 1076 913 judicia
1095 888 1190 909 (ulciunmr.
1210 888 1212 901 Σ

271 919 343 943 aliquid
364 918 425 937 inesse
439 919 528 943 periculi,
548 919 602 937 scivit
617 919 668 937 enim
683 923 741 941 certo,
761 918 783 937 R.
799 918 864 937 Dnum
882 919 1001 944 Episcopum
1023 919 1165 938 Cracoviensem
1176 919 1190 937 in

272 950 343 974 palatio
357 956 392 968 suo
407 950 457 968 inter
476 950 576 968 servitores
596 956 641 968 suos
656 954 738 968 armatos
757 950 920 973 obambulavisse,
939 951 1035 969 animasse
1049 954 1068 969 et
1082 950 1190 969 adhort-mm

273 988 322 1004 esse,
342 987 366 1000 ne
381 981 440 1000 rixam
461 982 518 1000 ullam
539 982 654 1006 inciperent,
673 981 688 999 si
702 987 747 999 vero
767 981 830 1006 aliqua
850 982 969 1004 excitaretur,
984 983 1038 1007 quod
1052 982 1190 1012 verlzerarentet

271 1016 380 1037 pugnarent
394 1012 468 1031 sortiter
482 1012 553 1031 nemini
568 1013 675 1037 parcendo}
689 1018 788 1037 quumque
803 1018 841 1031 non
853 1017 901 1031 esset
912 1013 1011 1035 admissus,
1025 1013 1042 1031 vi
1054 1013 1128 1038 ingredi
1142 1012 1190 1031 noluit

271 1044 410 1068 praecavendo,
426 1050 449 1062 ne
463 1048 501 1062 tarn
517 1043 536 1062 in
550 1044 602 1062 curin
616 1049 674 1068 quarn
689 1044 746 1062 etiam
760 1047 801 1062 tota
815 1044 862 1062 urbe
877 1043 1000 1063 Cracoviensi
1021 1044 1116 1063 tumultus
1134 1044 1188 1063 extit·-

271 1079 331 1098 retur,
351 1079 431 1100 propter
445 1075 497 1099 quod
518 1075 578 1099 majus
598 1075 705 1099 periculum
726 1081 837 1099 comparere
851 1081 886 1094 nec
900 1076 938 1100 ipse
953 1081 988 1094 nec
1003 1075 1107 1094 euni-udus
1125 1075 1188 1100 Crupek

270 1106 338 1130 potuit.
359 1106 411 1125 Haec
426 1106 491 1124 omnia
506 1106 634 1131 suprascripta
655 1106 783 1124 ministerialis
797 1110 815 1124 et
830 1106 908 1125 Nobiles
922 1112 942 1125 se
956 1106 1035 1130 vidisse,
1054 1107 1154 1129 audivisse,
1169 1106 1188 1124 sic
1211 1117 1212 1123 η

270 1141 311 1156 acta
326 1141 345 1156 et
358 1137 394 1155 illis
409 1141 512 1161 protestata
528 1143 574 1161 esse,
589 1141 748 1161 recognoverunt.

296 1218 340 1237 854.
411 1219 438 1237 A.
453 1218 656 1241 zebrzydowski
671 1220 761 1238 contra
776 1218 926 1238 conradum
941 1219 1044 1242 crupek
1054 1220 1066 1238 ⁶.
1210 1206 1212 1260 i

871 1273 985 1295 cracoviae,
998 1274 1027 1292 28
1043 1273 1131 1293 Octobris
1143 1273 1183 1292 1551.

333 1311 402 1328 Actum
418 1310 436 1328 in
452 1314 513 1328 castro
527 1309 657 1332 Cracoviensi,
672 1309 717 1328 feria
728 1315 741 1333 4
752 1310 794 1328 festi
809 1309 843 1328 SS.
859 1309 944 1328 Simonis
958 1314 976 1328 et
990 1310 1052 1328 Judae
1066 1310 1184 1334 Apostolorum

271 1342 328 1359 Anno
347 1340 425 1359 Domini
443 1347 497 1364 ¹55¹·
513 1340 691 1359 Reverendissimus
706 1340 759 1359 Dnus
774 1341 882 1366 Episcopus
898 1340 1032 1360 Crscoviensis
1046 1345 1114 1360 contra
1127 1340 1184 1360 Conn-

270 1372 316 1390 dum
331 1371 415 1396 Crupck,
430 1372 558 1390 Ministerialis
573 1372 665 1391 terrestris
680 1372 773 1391 Martinus
790 1372 927 1397 Brzumyenski
941 1378 985 1391 cum
999 1373 1104 1392 Nobilibus
1117 1372 1184 1397 Cuspsro

270 1403 374 1428 Wyeruski
391 1407 409 1421 et
428 1403 501 1421 Mathia
521 1403 611 1421 Radlicza
632 1409 695 1422 coram
715 1403 780 1422 officio
801 1403 890 1422 castrensi
910 1403 1022 1428 capitaneali
1043 1403 1159 1423 Cracovieusi
1173 1406 1186 1420 et

270 1434 322 1453 Actis
333 1434 465 1459 praesentibus
477 1434 535 1452 libere
547 1439 709 1459 recognoverunt:
725 1434 775 1457 Quia
790 1434 835 1458 ipsis
847 1434 892 1453 feria
904 1440 916 1458 4
928 1434 969 1453 festi
982 1434 1017 1453 SS.
1030 1435 1130 1454 Undecem
1143 1433 1187 1453 mini·

270 1465 366 1489 virginum
381 1465 468 1489 proxime
483 1465 584 1489 praeterita
598 1469 626 1484 est
639 1469 765 1490 protestatum
780 1465 799 1483 in
813 1466 865 1484 curia
883 1466 905 1484 R.
921 1466 959 1484 Dni
973 1466 1065 1485 Andreae
1082 1466 1188 1485 Zebrzidow·

269 1496 309 1519 ski,
330 1496 364 1514 Dei
379 1496 438 1520 gratia
454 1496 545 1520 Episcopi
560 1496 701 1520 Cracoviensisy
720 1496 751 1515 hic
766 1496 816 1515 idem
832 1496 935 1515 Cracoviae
949 1496 995 1520 sita,
1010 1503 1033 1516 ex
1047 1501 1103 1522 parte
1117 1497 1162 1516 Suae
1172 1496 1189 1514 R

270 1527 334 1550 Ptatis,
349 1528 401 1552 quod
417 1527 446 1546 die
461 1527 535 1550 eadem,
550 1534 586 1552 pro
600 1534 637 1552 qua
652 1528 742 1546 Famatus
762 1527 864 1546 Conradus
878 1527 955 1552 Crupck
970 1528 993 1546 de
1009 1528 1149 1547 Przeczlavicze
1162 1530 1191 1546 ent

269 1558 336 1577 citatus
351 1559 375 1576 ad
389 1559 480 1583 judicium
496 1558 547 1577 Suae
562 1559 584 1577 R.
599 1559 658 1577 Ptatis
673 1559 692 1577 in
707 1565 762 1577 causa
776 1559 868 1582 haeresis,
883 1559 933 1577 idem
949 1558 1053 1578 Conradus
1069 1559 1148 1584 Crupek
1159 1559 1192 1578 mit-

269 1590 321 1608 tebat
334 1590 394 1608 tribus
408 1590 481 1609 vicibus
495 1590 576 1609 nuncios
589 1596 634 1609 suos
648 1590 671 1609 ad
687 1590 746 1609 Suam
764 1590 786 1608 R.
801 1590 886 1613 Ptatem,
904 1590 992 1614 inprimis
1007 1590 1134 1609 Generosum
1147 1590 1194 1609 loan—

304 1678 309 1688 ¹
331 1678 394 1693 Petrum
407 1679 464 1693 Kmita.
527 1679 533 1689 ²
548 1678 650 1693 Laurentium
662 1678 755 1698 §pithonem
767 1678 829 1693 Jordan.
892 1679 899 1689 ⁸
914 1678 1014 1694 Valentinum
1026 1678 1110 1698 Debinski.

302 1704 309 1714 ⁴
330 1704 412 1719 Nicolaum
425 1704 531 1720 Lutomirnltii
594 1705 601 1715 ⁵
614 1704 620 1719 ὶ
683 1704 690 1715 ⁶
705 1704 751 1720 Liber
763 1704 882 1724 inscriptionum
894 1704 940 1720 esstri
952 1704 1001 1723 ene,
1013 1704 1063 1720 Lxut
1076 1704 1113 1725 773.
