1465 2093
504 209 645 223 Emere-tamnu
658 209 719 226 mm,
733 209 790 222 nm.
1077 204 1113 228 359

178 261 227 279 rium
242 267 308 279 meum
321 261 332 279 ¹.
347 261 412 283 Quam
427 261 602 286 praesentationem
622 261 695 279 etiamsi
711 261 817 279 Romanus*
829 265 925 285 praeterea
942 260 1030 279 Pontifex
1044 260 1116 279 autori-

178 296 215 311 tate
229 298 264 311 sua
279 292 362 311 effecerit
377 292 492 315 firmiorem,
513 297 576 310 tamen
591 293 644 317 quod
660 291 788 311 Cancellarius
803 298 856 310 meus
871 292 930 310 nollet
948 292 1037 316 cuiquam
1056 291 1116 314 alteri,

178 329 235 348 quam
251 324 287 348 ipsi
301 324 323 342 V.
336 323 354 342 S.
368 323 421 342 Mtati
434 324 453 342 in
465 322 488 342 eo'
503 324 579 346 debere,
593 329 659 348 neque
673 323 779 341 sacerdotia
794 328 837 341 ante
852 327 928 347 tempus
943 323 1034 347 aucupari
1049 323 1116 345 videri,

178 359 233 380 rogat
247 355 334 379 supplex,
350 361 393 373 cum
408 361 447 380 quo
462 359 481 373 et
495 361 531 379 ego
545 361 583 373 una
598 361 656 379 rogo,
676 355 766 379 dignetur
781 360 851 373 novam
869 354 1044 379 praesentationem
1059 354 1082 373 V.
1096 354 1116 372 S.

178 386 227 405 Mtas
242 386 268 404 illi
286 387 310 404 ad
325 392 366 405 eam
388 386 543 410 Praeposituram
563 389 671 404 decernere.
695 385 739 408 Qua
759 385 840 410 dignum
860 385 914 404 illum
934 385 956 404 V.
977 385 996 404 S,
1017 385 1066 403 Mtas
1086 385 1116 404 vel

178 421 282 442 propterea
304 418 410 436 existimare
430 417 495 440 debet,
518 417 570 442 quod
588 417 668 435 servitiis
688 412 747 440 ipsius
762 417 784 435 V.
802 417 866 435 Mtatis
886 423 961 435 mecum
981 417 1018 441 jam
1039 417 1114 441 pridem

178 449 261 467 existens
276 449 339 467 studet
351 449 503 473 diligentissime,
517 449 546 467 vel
558 449 612 473 quod
623 448 756 473 superioribus
770 448 838 467 diebus
851 448 971 467 Canonicatu
984 448 1113 470 Cracoviensi,

178 480 207 498 :ui
228 480 259 498 ille
279 480 366 505 profecto
380 486 390 498 a
405 486 435 498 me
450 484 494 504 post
511 484 593 498 mortem
611 479 784 498 Niemie'czkowski
794 479 801 492 ²
821 479 925 498 destinatus
939 479 982 502 fuit,
997 480 1021 498 ad
1036 479 1114 498 manda-

178 515 219 530 tum
236 511 258 529 V.
274 511 293 529 S.
308 511 372 530 Mtatis
389 511 444 530 cessit
463 517 502 529 nnn
517 511 594 533 invitus,
608 511 637 529 vel
652 511 746 535 denique,
760 511 813 535 quod
828 517 847 530 se
861 511 881 529 in
896 511 990 535 obsequio
1006 511 1057 529 illius
1071 516 1114 535 per-

178 547 258 567 petuum
278 542 319 561 fore
338 543 444 567 pollicetur.
465 542 553 561 Omnino
567 542 582 560 si
597 542 646 560 hanc
661 542 677 560 ei
692 542 767 560 homini
785 542 865 566 gratiam
886 542 1001 567 praestiterit
1018 542 1040 560 V.
1058 542 1115 564 Mtas,

178 578 195 592 et
208 580 292 598 aequum
308 574 369 596 faciet,
381 574 433 598 quod
445 574 563 592 voluntatem
578 579 632 592 suam
645 573 727 598 primam
742 574 832 597 tuebitur,
845 578 863 592 et
875 577 959 592 nostram
972 573 991 591 in
1003 579 1044 591 sese
1057 573 1114 591 fidem

178 609 236 629 atque
251 605 338 623 studium
353 605 413 629 magis
427 605 522 626 excitabit,
537 605 590 629 quod
605 611 670 629 preces
685 608 759 623 nostras
774 611 813 623 non
829 604 885 623 fuerit
899 609 1005 629 aspernata.
1026 604 1046 622 Id
1061 604 1114 629 quod

178 637 203 655 ita
219 636 324 654 declarabit
338 637 423 658 demum,
438 636 453 654 si
469 636 487 654 in
503 636 524 654 iis
539 642 600 655 novae
615 636 775 661 praesentationis
789 636 848 655 literis
862 637 942 655 adscribi
963 636 1038 661 jusserit
1058 636 1114 655 etiarn

178 668 325 692 derogationem
344 667 431 686 omnium
451 667 625 692 exspectationum,
640 668 655 686 si
670 673 719 692 quae
734 667 782 686 forte
796 668 868 692 alioqui
882 668 906 686 ab
921 674 942 686 ea
957 674 1014 692 super
1034 667 1071 686 hoc
1086 673 1114 686 sa-

178 698 267 717 cerdotio
287 702 331 716 ante
351 698 473 722 prodierunt,
496 698 662 723 quemadmodum
683 699 701 717 id
722 698 809 723 profecto
829 705 850 717 ex
869 698 1017 717 Comitiorumss
1037 699 1115 717 decreto

178 730 243 748 facere
263 730 333 749 debere
353 730 440 754 intelligit
455 730 477 748 V.
493 729 512 748 S.
527 730 585 752 Mtas,
605 736 654 754 quae
669 730 701 748 diu
716 730 772 748 nobis
788 730 831 748 felix
850 730 936 754 imperet.
960 730 1030 748 Datum
1045 729 1124 757 caco--

178 761 228 783 viae,
244 761 287 779 XXI
303 761 391 785 Augusti.

203 834 250 853 684.
434 834 531 853 Joenni
545 833 647 853 Odieski
662 834 870 854 Proeanoeuario.

793 881 910 903 Cracoviae,
924 882 948 899 21
961 881 1046 906 Augusti
1061 882 1115 900 1551.

243 917 283 936 Etsi
298 923 337 935 non
352 917 416 935 minus
436 917 519 941 pertinet
533 917 556 935 ad
571 917 593 935 V.
610 917 675 936 Mtiam
696 917 853 942 impetrationem
867 924 921 936 suam
939 917 999 941 tueri,
1019 923 1077 942 quam
1092 917 1116 935 ad

179 954 212 967 me
226 948 250 966 de
264 948 355 967 servitore
370 954 413 966 meo
428 954 469 966 esse
484 948 593 971 sollicitum,
608 953 671 967 tamen
686 955 722 973 ego
737 949 761 967 ita
777 948 831 971 facio,
846 952 866 967 ut
880 953 971 973 tanquam
986 955 1016 967 me
1032 955 1071 967 uno
1086 955 1115 967 res

181 979 293 998 cancellarii
309 979 346 997 mei
362 979 473 1002 niterentur,
488 980 513 998 sic
528 985 604 998 causam
620 979 669 998 illius
684 986 748 998 curem
763 984 820 1004 atque
834 980 944 998 sustineam.
960 980 1045 998 Decessit
1057 986 1066 998 e
1078 980 1115 998 vita

185 1010 304 1035 Praepositus
322 1010 465 1033 posnaniensis,
485 1011 537 1035 quod
557 1011 687 1029 sacerdotium
702 1011 719 1029 vi
740 1011 810 1035 Regiae
831 1011 998 1035 praesentationis,
1019 1017 1077 1035 quam
1092 1011 1115 1029 V.

187 1041 229 1060 Mtia
242 1042 359 1064 obtinuerat,
374 1042 454 1060 debetur
469 1048 512 1060 meo
528 1041 647 1060 Cancellario
660 1042 671 1065 ¹,
690 1042 748 1066 idque
762 1042 824 1060 multo
838 1042 898 1067 magis
913 1042 979 1064 etiam,
994 1042 1047 1066 quod
1062 1048 1116 1066 prae-

187 1073 284 1092 sentationi
299 1073 334 1098 ipsi
349 1074 408 1091 robur
423 1077 519 1097 praeterea
534 1073 656 1097 pontificium
671 1073 776 1092 accesserit.
791 1073 829 1091 Sed
842 1073 971 1092 Cancellarius
986 1079 1041 1092 meus
1054 1077 1115 1092 vetere

189 1103 219 1122 hu
237 1104 391 1129 praesentatione
411 1110 472 1128 quum
492 1110 531 1122 non
552 1104 615 1123 minus
635 1105 738 1123 commode
756 1104 782 1122 uti
804 1104 874 1128 possit,
895 1110 964 1122 novam
985 1104 1040 1128 petit,
1061 1104 1116 1123 certis

190 1138 240 1159 atque
253 1135 308 1160 justis
322 1135 415 1153 adductus
430 1135 547 1158 rationibus;
561 1141 603 1154 eam
618 1142 638 1154 se
653 1136 675 1154 V.
690 1136 748 1154 Mtiae
762 1136 822 1160 gratia
837 1139 894 1160 atque
909 1135 1009 1154 autoritate
1024 1136 1116 1160 consequi

190 1170 239 1189 posse
258 1170 332 1191 sperat,
352 1170 370 1185 et
388 1166 467 1191 quidem
487 1170 540 1185 tanto
559 1166 643 1190 facilius,
663 1172 735 1191 quanto
755 1167 786 1185 ille
803 1167 827 1185 de
845 1167 965 1185 Canonicatu
988 1167 1116 1190 Cracoviensi,

190 1201 240 1220 quem
253 1198 291 1222 jam
307 1198 345 1216 fere
354 1202 398 1222 post
412 1197 487 1216 obitum
497 1198 667 1216 Niemieczkowski
682 1199 765 1221 tenebat,
780 1198 832 1216 fratri
844 1198 866 1217 V,
877 1198 934 1216 Mtiae
943 1198 950 1210 ⁴
964 1198 1054 1216 libentius
1069 1204 1115 1216 con-

191 1229 264 1247 cesserit.
278 1229 321 1254 Ego
336 1229 381 1253 quia
395 1229 470 1247 homini
490 1229 552 1247 modis
572 1229 663 1248 omnibus
678 1230 725 1248 bene
740 1235 781 1248 esse
798 1229 862 1254 cupio,
878 1229 900 1248 V.
915 1229 983 1248 Mtiam
1003 1235 1058 1254 rogo,
1080 1235 1115 1247 no-

190 1263 227 1278 vam
240 1260 266 1279 illi
281 1264 302 1279 ut
315 1260 371 1278 istam
386 1260 559 1284 praesentationem
575 1260 644 1283 mittat,
658 1261 753 1285 abrogatis
765 1261 785 1279 in
798 1267 819 1279 ea
831 1261 921 1279 omnibus
936 1260 1116 1284 exspectationibuS,

190 1289 205 1307 *i
216 1297 260 1315 quae
280 1291 364 1310 fortassis
379 1297 402 1309 ex
416 1291 533 1310 Cancellaria
553 1297 612 1315 super
631 1297 654 1309 eo
674 1292 782 1310 sacerdotio
802 1289 916 1310 emanarunt
930 1295 948 1310 et
963 1292 1086 1314 nominatim,
1100 1291 1115 1310 si

190 1322 231 1345 quid
244 1323 314 1347 gratiae
328 1322 348 1340 in
362 1328 386 1341 eo
400 1322 476 1341 Adamo
491 1322 585 1340 Konarski
601 1328 711 1341 concessum
726 1322 756 1341 sit>
775 1323 833 1345 Quod
848 1329 882 1341 sua
896 1327 965 1347 sponte
980 1323 1002 1341 V.
1017 1323 1064 1341 Mtia
1079 1323 1116 1341 fac-

189 1354 226 1372 Kura
240 1358 298 1377 esset,
313 1354 332 1372 in
347 1360 370 1372 eo
385 1354 400 1372 si
415 1354 461 1378 quid
476 1353 533 1372 etiam
547 1353 594 1371 mihi
609 1353 706 1376 tribuerit,
725 1357 743 1372 et
757 1354 792 1372 sibi
807 1354 886 1378 quidem
901 1354 936 1378 ipsi
950 1354 1116 1378 obtemperaverit,

187 1388 206 1403 et
222 1392 250 1404 me
271 1385 377 1404 incredibili
400 1385 484 1403 affecerit
506 1385 611 1409 voluptate.
637 1385 693 1407 Quae
713 1385 761 1403 bene
782 1385 848 1404 valeat.
873 1385 944 1403 Datum
964 1385 1007 1403 XXI
1027 1385 1116 1409 Augusti,

187 1415 293 1435 Cracoviae.

206 1489 251 1510 685.
354 1490 470 1509 'rhomae
484 1490 599 1509 Psoncae
610 1490 622 1512 ⁵,
636 1490 767 1509 canonico
781 1490 948 1509 Punoviensi.

794 1536 911 1559 Cracoviae,
925 1537 949 1555 21
962 1536 1046 1561 Augusti
1061 1537 1115 1555 1⁵51.

242 1573 275 1592 Ad
289 1573 444 1597 Praeposituram
460 1573 616 1594 Posnanienscm,
631 1579 680 1598 quae
695 1573 805 1597 nuperrime
822 1579 881 1592 vacua
896 1577 924 1591 est
937 1573 991 1595 facta,
1006 1579 1067 1597 quurn
1081 1573 1114 1591 ha-

178 1609 222 1625 ,εει
236 1605 278 1630 jam
293 1604 423 1623 Cancellarius
435 1610 489 1623 meus
501 1611 511 1622 a
523 1605 575 1629 Rege
589 1604 635 1623 olim
650 1604 771 1628 impetratam
786 1604 967 1628 praesentationem,
982 1604 1036 1629 cujus
1052 1610 1115 1623 exem-

178 1639 233 1658 ·lum
256 1642 297 1654 esse
320 1635 371 1660 apud
391 1635 414 1653 V.
434 1635 509 1654 Ftatem
528 1635 622 1660 intelligo,
643 1641 694 1655 nunc
716 1640 780 1654 tamen
801 1641 871 1654 novam
894 1635 950 1660 petit,
970 1635 1053 1654 fortassis
1075 1641 1115 1654 non

208 1701 214 1711 ι
241 1697 354 1713 ΖΔΖιιτονιι-εὶιίἓ
392 1697 398 1708 ²
413 1697 436 1714 Cf.
445 1697 481 1717 642.
519 1698 525 1709 ¹
540 1699 558 1713 A.
569 1698 612 1713 1550.
649 1698 655 1708 ⁴
670 1698 740 1713 Nicolao.
777 1698 784 1708 ⁵
798 1698 819 1713 W
828 1698 862 1718 rkp.
871 1703 916 1718 przez
925 1698 1000 1719 pomylkq
1010 1698 1115 1717 „Pseoncne“.
