1465 2093
489 209 628 223 amomum·
642 209 704 226 nmu,
717 208 825 222 APPmmtx.
1088 210 1108 227 51
1117 210 1121 222 Ι

191 264 211 279 et
224 261 323 285 sanguinis
335 261 354 279 in
367 265 487 279 sacramento
501 261 638 282 Eucharistiae,
652 264 697 279 sunt
711 260 762 279 enim
777 264 894 279 sacramenta
909 260 1003 279 Ecclesiae
1019 260 1123 278 catholicae

190 298 236 310 vasa
250 292 392 310 misericordiae
407 296 426 310 et
439 292 511 316 gratiae
527 292 567 310 Dei.

255 323 302 341 Item
317 323 452 347 interrogatus,
467 329 513 342 num
528 323 599 346 credat,
614 324 650 342 sub
665 323 721 341 altera
736 323 798 347 specie
813 322 925 341 tantundem
941 322 1044 344 contineri,
1064 328 1123 346 quan-

191 358 233 373 tum
248 355 283 373 sub
298 358 384 379 utraque,
399 359 417 373 et
428 361 452 372 an
467 359 518 373 extra
533 354 665 379 sumptionem
680 354 704 372 sit
719 360 782 372 verum
798 360 867 378 corpus
882 352 964 372 Christi?
980 354 1079 378 respondit
1091 360 1124 378 per

190 385 284 404 verbum:
298 385 369 409 Credo,
383 385 471 404 sufficere
487 392 550 408 unam,
565 391 624 410 quum
640 390 691 404 totus
705 384 793 403 Christus
806 390 867 409 aeque
881 385 964 403 sumitur
977 385 1013 403 sub
1027 391 1063 403 una
1076 384 1124 403 sicut

191 417 228 435 sub
241 420 328 441 utraque,
343 421 362 435 et
376 421 427 435 extra
441 417 572 441 sumptionem
587 417 644 435 credo
659 422 699 435 esse
713 422 779 434 verum
793 422 864 440 corpus
879 415 956 434 Christi.

254 447 301 466 ltem
316 448 449 472 interrogatus,
465 454 510 466 num
525 448 595 470 credat,
614 452 715 472 utramque
729 447 811 471 speciem
831 451 882 465 extra
902 447 980 465 Missam
1001 447 1025 464 ad
1045 446 1123 465 sumen>

189 479 238 497 dum
251 485 290 497 esse
303 478 442 498 necessariam?
455 479 553 504 respondit
564 485 598 503 per
610 479 700 497 verbum:
716 478 787 501 Credo,
799 477 887 496 sufficere
899 484 957 496 unam
970 481 988 496 et
1001 484 1039 496 non
1052 482 1123 496 utram-

190 515 229 534 que
250 513 301 528 eittra
319 510 396 529 Missam
411 510 435 528 ad
449 510 565 529 sumendum
585 516 625 528 esse
646 509 780 532 necessariam,
799 513 820 527 ut
833 515 891 533 supra
910 509 1020 527 immediate
1039 509 1086 531 dixi,
1106 513 1124 527 et

189 541 257 564 credo,
276 541 325 559 infra
345 541 423 559 Missam
444 545 505 560 totum
526 547 566 559 esse
583 541 603 559 in
618 541 675 559 calice
689 544 708 559 et
721 544 784 559 totum
803 540 822 558 in
837 546 884 564 pane
904 546 947 558 vere
961 544 979 558 et
994 540 1123 558 essentialiter.

256 572 301 590 ltem
317 572 455 597 interrogatus,
473 578 496 590 an
512 572 661 591 communicavit
674 578 725 590 anno
740 571 842 596 praesenti,
862 577 885 589 an
898 571 999 590 celebravit
1013 571 1090 589 Missam
1106 574 1124 589 et

188 603 294 628 quomodo
309 607 360 622 extra
374 603 453 622 Missam
467 603 623 626 communicavit,
638 609 662 621 an
676 603 733 621 etiam
748 602 835 621 subditos
847 602 928 621 diocesis
940 608 984 621 suae
996 603 1031 620 suh
1043 606 1123 626 utraque

185 634 255 659 specie
269 634 379 659 procuravit
392 638 425 653 aut
439 634 538 659 procurari
553 633 608 653 fecit?
625 634 732 658 respondit,
752 634 805 658 quod
820 634 969 652 communicavit
983 637 1002 652 ct
1015 634 1122 652 communi-

185 669 219 684 cat
234 665 345 690 frequenter
359 670 377 684 et
391 665 410 684 in
426 665 514 684 firmitate
528 666 563 684 sub
578 671 616 684 una
629 665 698 689 specie,
715 665 816 689 aliquoties
831 668 882 683 extra
897 665 973 683 Missam
992 665 1122 683 communica-

183 696 221 719 vit,
235 696 324 715 subditus
342 702 388 715 suae
402 696 483 715 diocesis
497 697 532 715 sub
547 701 627 721 utraque
647 696 711 720 specie
726 702 764 714 non
779 696 888 720 procuravit
902 702 937 714 nec
951 702 1054 720 procurare
1069 702 1122 714 man-

183 727 248 751 davit,
263 731 282 746 et
295 727 356 746 immo
370 727 443 746 restitit.

253 758 300 777 Item
314 758 442 783 interrogatus
457 759 480 777 de
495 758 581 783 partibus
596 758 731 783 poenitentiae,
752 762 799 783 quot
814 764 894 776 numero
908 762 926 777 et
940 764 987 783 quas
1002 762 1061 782 ponat
1075 764 1122 782 poe-

185 790 284 808 nitentiae
295 794 365 814 partes,
380 790 427 814 quid
437 788 518 808 sentiat?
533 790 632 815 respondit
646 796 680 814 per
695 790 786 808 verbum:
802 789 874 812 Sentio,
889 794 910 808 ut
925 789 994 808 Schola
1009 789 1121 813 Theologu-

183 827 231 839 rum
247 824 306 844 tenet,
321 825 340 839 et
354 821 404 844 dico,
419 827 459 839 esse
471 825 508 839 tres
521 821 649 845 poenitentiae
664 825 732 845 partes,
747 820 896 843 confessionem,
910 821 1046 839 contritionem
1061 825 1079 839 et
1093 827 1122 839 sa-

184 851 326 870 tisfactionem.

254 883 301 902 Item
321 883 457 908 interrogatus,
477 883 524 908 quid
537 883 606 902 sentiat
621 883 644 902 de
657 882 799 902 satisfactione?
819 883 923 907 respondit,
944 882 1042 901 Christum
1057 883 1122 901 Jesum

184 920 225 939 pro
248 914 305 933 nobis
324 914 484 933 sufficientissime
504 914 625 937 satisfecisse,
648 918 780 933 verumtamen
800 914 951 938 uniuscujusque
973 914 1122 932 satisfactionem

184 946 257 968 talem,
278 945 353 970 qualem
374 950 437 969 potest
450 945 510 964 homo
525 945 594 968 facere,
615 945 739 964 necessariam
755 945 811 969 dixit,
831 945 885 970 cujus
899 944 982 963 efficacia
997 951 1018 963 ex
1034 945 1122 969 passione

185 976 262 995 Christi
277 976 398 995 coram‚Deo
412 977 467 995 valet.

255 1007 302 1025 Item
317 1007 450 1031 interrogatus,
464 1014 488 1026 an
503 1007 621 1031 confiteatur,
640 1008 672 1026 ubi
687 1012 705 1026 et
719 1006 762 1026 cui?
777 1007 882 1031 respondit,
902 1007 955 1031 quod
970 1006 1071 1025 confitetur
1086 1006 1121 1025 fre<

186 1043 279 1064 quenter,
293 1039 375 1057 maxime
387 1045 447 1063 quum
459 1039 483 1058 acl
494 1043 635 1058 sacramentum
649 1039 712 1058 altaris
729 1039 818 1057 accedere
830 1039 876 1057 vult,
891 1037 941 1057 Ubi?
953 1038 972 1056 in
984 1037 1105 1056 Camieniecz
1117 1039 1121 1050 ¹

186 1074 207 1089 et
223 1069 334 1088 Cracoviae.
349 1070 374 1088 Et
388 1069 431 1089 cui?
446 1076 522 1095 semper
535 1070 629 1089 sacerdoti
644 1070 732 1089 discreto.

255 1101 302 1119 ltem
321 1101 456 1126 interrogatus,
476 1107 500 1119 an
515 1101 586 1124 credat,
606 1101 684 1120 Missam
703 1107 741 1120 esse
755 1107 821 1119 verum
839 1100 960 1123 sacrificium,
980 1104 1035 1119 etan
1050 1100 1120 1122 credat,

187 1131 290 1151 Christum
306 1132 324 1150 in
339 1138 363 1151 eo
374 1139 384 1151 a
396 1138 477 1157 corpore
488 1138 530 1155 suo,
545 1132 598 1157 quod
613 1136 640 1151 est
651 1132 741 1154 Ecclesia,
756 1138 789 1156 per
801 1132 928 1150 ministerium
940 1132 1043 1150 sacerdotis
1055 1130 1120 1149 offeri?

188 1163 294 1188 respondit
307 1169 341 1188 per
355 1164 446 1182 verbum:
461 1163 532 1187 Credo,
547 1163 625 1182 Missam
640 1168 682 1182 esse
694 1169 760 1182 verum
775 1162 896 1185 sacrificium,
911 1167 929 1181 et
943 1163 1007 1186 credo,
1022 1163 1048 1181 ibi
1063 1162 1118 1181 Chri-

185 1198 240 1213 stum
255 1194 329 1212 realiter
342 1199 360 1213 et
374 1194 498 1213 essentialiter
512 1200 546 1219 per
560 1194 687 1213 ministerium
701 1195 805 1213 sacerdotis
819 1194 879 1217 offeri,
894 1201 933 1213 non
948 1199 1012 1213 tamen
1025 1200 1047 1212 eo
1060 1194 1120 1212 modo

185 1229 248 1250 prout
263 1225 283 1244 in
297 1231 351 1244 cruce
366 1230 460 1249 cruenter,
474 1226 507 1244 sed
521 1226 700 1244 commemorando.

252 1256 300 1275 Item
314 1256 451 1281 interrogatus,
466 1263 490 1275 an
504 1260 566 1275 totum
581 1256 682 1275 Canonem
697 1256 824 1281 pronunciet?
844 1257 951 1282 respondit,
971 1258 1024 1282 quod
1038 1257 1118 1282 integer-

184 1288 259 1307 rimum
275 1291 294 1306 et
307 1291 375 1307 toturn.

252 1319 300 1337 ltem
314 1319 449 1344 interrogatus,
469 1326 493 1338 an
508 1319 623 1338 Sanctorum
644 1319 849 1338 commemorationem
869 1326 909 1338 non
924 1319 1036 1338 intermittat
1050 1320 1068 1338 in
1084 1319 1120 1338 Ca-

184 1348 257 1369 none?
272 1350 377 1374 respondit,
391 1350 444 1375 qnod
460 1356 499 1368 non
514 1350 622 1369 intermittit
636 1354 655 1369 et
668 1356 715 1368 voce
730 1350 827 1369 honorosa
842 1351 941 1369 Canonem
957 1351 1007 1375 legit,

252 1381 301 1400 Item
315 1381 450 1406 interrogatus,
464 1381 511 1406 quid
525 1382 594 1400 sentiat
607 1382 631 1399 de
646 1381 760 1400 Sanctorum
775 1382 904 1403 veneratione,
919 1381 1047 1404 invocatione,
1066 1388 1119 1400 com*

181 1412 330 1434 memoratione
340 1416 358 1431 et
367 1411 462 1437 reliquiis?
475 1413 581 1437 respondit,
592 1412 647 1437 quod
655 1416 699 1431 sunt
711 1412 776 1431 Sancti
788 1413 823 1431 Dei
835 1419 903 1431 omnes
914 1412 1023 1434 venerandi,
1035 1413 1118 1436 amandi,

179 1443 301 1467 invocandi,
320 1444 485 1462 commemorandi
500 1448 518 1462 et
532 1444 634 1468 sequendi,
654 1450 694 1462 non
708 1448 772 1462 autem
793 1444 894 1468 adorandi,
914 1444 937 1462 de
952 1444 1036 1469 reliquiis
1055 1448 1119 1463 autem

179 1476 268 1495 illorum
283 1474 345 1498 sentit,
360 1479 417 1499 prout
431 1475 515 1494 Ecclesia
529 1475 620 1494 catholica
635 1479 688 1493 tenet
701 1479 719 1494 et
733 1476 827 1494 observat.

251 1505 299 1524 Item
314 1505 448 1530 interrogatus,
463 1506 509 1530 quid
524 1506 593 1525 sentiat
607 1506 630 1524 de
647 1505 772 1531 purgatorio?
787 1506 892 1531 respondit,
912 1507 964 1531 quod
978 1506 1041 1529 sentit,
1063 1511 1120 1531 prout

176 1537 273 1557 Ecclesia
288 1537 306 1556 S.
322 1541 379 1560 tenet,
393 1543 453 1562 quum
468 1537 567 1562 Scriptura
581 1537 631 1556 clare
646 1538 669 1556 de
683 1538 716 1556 illo
730 1544 769 1556 non
783 1537 875 1562 loquitur.

250 1569 298 1587 item
318 1569 453 1593 interrogatus,
473 1569 520 1593 quid
540 1569 564 1587 de
583 1569 709 1591 orationibus,
729 1568 832 1591 sacrificiis,
852 1569 967 1594 elemosynis
987 1573 1006 1587 et
1024 1569 1065 1587 aliis
1084 1569 1120 1593 piis

174 1600 287 1626 operibus,
301 1605 350 1624 quae
364 1599 413 1618 fiunt
427 1606 462 1624 pro
477 1600 564 1623 mortuis,
579 1606 603 1618 an
618 1600 644 1618 eis
659 1600 739 1624 prosint,
754 1599 835 1618 sentiat?
851 1600 959 1624 respondit,
980 1600 1032 1624 quod
1047 1600 1118 1618 oratio-

217 1703 223 1714 Ι
248 1701 330 1717 Podolslti.
