1465 2093
557 200 697 216 mmmmm
710 202 774 219 mm,
787 201 853 216 nnn.
1130 201 1169 220 4⁰9

264 315 305 335 772.
512 316 671 336 Consulibus
685 317 896 341 Elbinqensibus.

887 364 970 386 Gedam‘,
985 364 998 382 5
1011 364 1096 389 Augusti
1110 364 1167 382 1552.

297 399 381 418 Infausta
395 403 423 418 est
437 406 458 418 ac
473 399 519 418 mali
532 399 604 418 ominis
618 399 665 418 haec
679 400 725 419 urbs
740 400 780 418 VV.
795 400 889 418 Dtionum
904 400 951 418 mihi
966 400 1087 425 familiaeque
1107 406 1167 418 meae.

266 437 286 449 m
299 431 384 455 primum
404 435 495 455 nepotem
516 437 580 450 meum
600 437 680 456 genere,
701 431 805 456 probitate,
826 431 918 456 dignitate
932 437 976 450 cum
990 437 1024 450 sua
1038 431 1106 456 ipsius,
1127 435 1167 449 tum

264 466 301 480 stra
314 468 394 487 quoque
409 462 503 487 insignem
519 462 573 486 pedis
588 462 665 481 alterius
680 468 715 481 usu
729 462 819 487 privavit;
839 463 880 487 ipsa
895 463 947 481 enim
961 463 1045 487 privasse
1059 462 1118 481 videri
1133 469 1167 487 po-

264 496 282 516 t,
302 499 362 518 quum
377 493 396 512 in
411 500 433 512 eo
449 500 489 512 non
509 494 617 516 vindicarit,
640 494 674 518 qui
688 494 775 518 privavit.
798 495 823 512 At
837 500 873 518 ego
888 494 938 513 hunc
957 500 1039 518 nequam
1062 494 1168 517 hominem,

264 524 321 549 isquis
335 525 365 547 sit,
380 531 484 550 persequar
499 522 552 543 omni
569 531 610 543 mea
625 531 753 549 meorumque
767 525 873 548 inimicitia,
888 531 922 543 nec
936 525 1004 550 patiar,
1020 529 1041 543 ut
1055 525 1074 543 id
1088 531 1168 549 prorsus

264 562 315 580 pune
329 556 386 579 ferat,
406 556 454 575 sicut
470 562 481 574 a
495 556 550 575 vobis
568 556 605 581 jam
625 556 677 579 tulit,
697 562 808 581 quanquam
822 563 833 574 a
847 556 902 574 vobis
916 556 961 575 laesi
981 560 1035 581 pater
1050 556 1114 580 pueri,
1134 555 1167 580 qui

268 593 287 605 m
300 593 354 606 meus
368 591 397 606 est
410 587 473 610 frater,
487 588 517 612 jus
531 587 568 606 dici
583 587 606 606 de
622 593 644 606 eo
659 587 791 612 postulaverit.
814 587 895 611 Deinde,
910 593 971 612 quum
986 587 1016 606 hic
1030 587 1092 606 fratris
1106 587 1167 606 famu-

284 619 388 643 aliquando
403 624 426 637 eo
441 618 510 637 missus
525 622 582 642 esset,
603 622 624 637 ut
637 618 661 637 de
678 618 786 637 valetudine
807 619 884 643 nepotis
903 622 1036 643 cognosceret,
1056 624 1127 643 equum
1142 618 1168 637 ita

268 650 331 672 iserat,
353 656 392 674 quo
406 653 470 668 vectus
490 650 535 673 fuit,
555 654 575 668 ut
589 650 667 674 periisse
687 650 743 674 plane
761 650 882 668 existimaret.
906 650 944 668 Sed
959 650 1051 674 quoniam
1071 653 1168 674 repertum

264 687 276 699 e
289 680 355 699 didicit
369 681 454 704 tandem,
465 687 476 699 a
488 681 528 700 VV.
541 680 645 699 Dtionibus
660 685 763 705 utrumque
777 681 866 706 petimus,
882 685 903 700 ut
914 685 933 700 et
943 681 995 700 hunc
1009 687 1081 706 equum
1096 680 1168 699 famulo

265 712 306 730 titui
326 712 414 736 jubeant,
434 716 453 731 et
466 712 485 731 in
499 712 564 737 ipsum
582 712 657 736 nepotis
676 712 736 731 nostri
753 718 886 737 percussorem
901 718 937 737 pro
952 712 1018 731 officio
1031 718 1067 731 suo
1081 712 1167 730 animad-

264 747 315 766 tant,
336 743 366 762 vel
380 743 415 762 hac
429 750 478 766 una,
492 743 508 762 si
522 743 562 762 aliis
577 749 616 762 non
631 747 730 768 poterunt,
745 743 830 767 ratione,
850 747 871 762 ut
885 743 912 762 ilii
926 743 1006 762 civitatis
1020 743 1070 762 iilius
1084 749 1130 762 usus
1144 743 1168 761 sit

264 774 315 793 mino
330 774 447 793 interdictus.
462 774 514 793 Bene
528 775 595 793 valete.
609 775 681 793 Datum
695 774 712 793 V
726 775 816 799 Augusti,
830 774 918 793 Gedano.

264 846 304 866 173.
590 848 678 867 Bonae
692 848 812 872 Reginae.

885 894 968 917 Gedani,
985 894 998 913 s
1011 894 1096 919 Augusti
1109 895 1167 913 1552.

295 930 330 949 Est
343 930 368 949 ita
383 930 473 955 quidem,
493 931 546 955 quod
561 936 602 949 non
616 931 675 949 modo
689 936 749 955 quum
770 930 902 955 superioribus
917 930 985 949 diebus
1005 936 1065 949 essem
1080 931 1132 956 apud
1147 931 1167 949 S.

270 961 360 985 Mtatern‚
380 962 413 980 sed
427 968 437 980 a
452 962 517 980 multis
531 962 569 986 jam
590 961 689 980 retroactis
703 961 824 986 temporibus
838 967 897 980 omne
916 967 982 980 meum
996 962 1092 985 studium,
1112 963 1167 981 ohse-

268 999 300 1011 um
315 992 338 1011 V.
353 993 408 1011 Mtati
428 993 521 1012 dedicavi.
544 993 583 1011 Sed
597 997 662 1011 tamen
677 999 716 1011 non
731 996 833 1017 propterea
848 993 904 1011 debet
921 993 1018 1011 silentium
1033 999 1107 1015 meum,
1122 999 1167 1018 quo.

264 1027 335 1049 nquam
349 1031 359 1043 a
374 1024 396 1043 V.
411 1024 471 1043 Mtate
486 1024 534 1048 abii,
554 1030 597 1043 sum
614 1030 672 1047 usus,
691 1028 723 1042 aut
738 1023 809 1042 mirum
822 1028 855 1042 aut
869 1028 981 1049 suspectum
995 1024 1018 1042 V.
1033 1024 1052 1043 S.
1066 1024 1121 1043 Mtati
1140 1024 1167 1042 vi-

267 1055 279 1074 i.
299 1055 346 1074 ilsae
360 1061 420 1080 quum
435 1062 496 1074 essem
507 1056 519 1079 Ι,
539 1061 618 1074 omnem
638 1061 701 1074 meam
722 1055 859 1080 cogitationem
876 1056 896 1074 in
909 1055 982 1074 itineris
1002 1059 1094 1080 apparatu
1114 1055 1168 1074 istius

264 1087 378 1110 nsumebam,
392 1087 484 1112 quodque
498 1093 564 1105 recens
578 1093 589 1105 a
603 1087 626 1105 V.
641 1087 700 1105 Mtate
715 1087 845 1109 discesseram,
861 1087 907 1105 nihil
922 1087 978 1106 etiam
994 1091 1040 1110 erat,
1055 1088 1107 1112 quod
1122 1091 1167 1106 tunc

264 1124 350 1142 gnopere
364 1118 388 1136 ad
403 1118 425 1137 V.
440 1118 519 1136 Mtatem
539 1118 662 1137 scribendum
681 1118 784 1137 videretur.
807 1118 842 1136 lisa
861 1122 924 1136 autem
944 1124 1040 1143 egressus,
1060 1118 1121 1137 itineri
1135 1124 1167 1137 rue

264 1148 277 1167 ii
291 1155 369 1174 magno,
384 1149 473 1172 molesto,
487 1149 567 1172 difficili,
582 1149 635 1174 quod
650 1155 710 1174 quum
725 1149 852 1174 peregissem,
866 1149 886 1168 in
900 1155 959 1168 novas
974 1154 992 1168 et
1006 1149 1088 1174 majores
1102 1150 1167 1168 turbas

278 1180 344 1203 incidi,
365 1181 394 1199 vei
408 1180 510 1199 incidimus
524 1181 589 1205 potius
599 1181 613 1199 ².
628 1181 691 1199 Tanta
706 1180 733 1199 vis
748 1184 776 1199 est
790 1180 841 1199 enim
856 1180 901 1198 mali
916 1180 981 1205 hujus,
995 1184 1016 1199 ut
1030 1187 1098 1199 omnes
1117 1187 1167 1206 pene

264 1223 266 1227 ·
289 1211 381 1235 involvat,
401 1211 434 1236 qui
449 1218 468 1230 se
488 1211 525 1230 huc
541 1212 673 1234 contulerunt,
694 1211 749 1230 sicuti
762 1212 787 1230 ad
802 1211 824 1230 V.
840 1211 918 1230 Mtaxem
934 1211 962 1230 vei
976 1212 1034 1230 literis
1053 1212 1166 1236 multorum,

276 1249 352 1261 rumore
371 1243 414 1267 ipso
434 1242 513 1267 perferri
528 1249 568 1261 non
582 1243 656 1262 dubito.
676 1242 743 1267 itaque
763 1242 835 1261 sactum
854 1247 891 1266 est,
911 1247 932 1261 ut
949 1249 1012 1268 neque
1032 1243 1097 1266 suerit,
1120 1243 1166 1268 quid

264 1273 343 1297 iberem,
363 1280 425 1298 neque
446 1274 531 1299 quando.
554 1274 609 1293 Nunc
631 1278 694 1292 autem
715 1274 767 1292 volui
787 1274 892 1298 superioris
913 1274 1006 1298 temporis
1027 1274 1166 1299 negiectionem

264 1305 336 1330 rigere,
356 1305 378 1324 iis
393 1305 472 1330 quidem
486 1305 554 1328 literis,
574 1306 643 1330 quibus
658 1305 680 1324 V.
695 1305 774 1324 Mtatem
794 1305 813 1323 S.
833 1305 896 1323 saluto
916 1311 1019 1329 meumque
1034 1312 1091 1324 omne
1110 1306 1166 1324 obse-

264 1335 299 1355 ium
314 1337 437 1355 commendo.
458 1336 521 1359 Quam
536 1336 588 1355 Deus
603 1343 646 1355 cum
661 1336 795 1355 illustrissimis
815 1336 890 1355 filiabus
905 1337 938 1355 diu
952 1337 1045 1361 sospitem
1059 1341 1078 1355 et
1092 1336 1166 1355 felicem

264 1372 312 1387 tatur.
327 1368 399 1387 Datum
414 1367 501 1392 Gedano,
516 1367 558 1387 V111
573 1368 662 1392 Augusti.

264 1440 302 1460 774.
542 1441 682 1461 Francisco
696 1442 858 1461 Lismanino.

883 1488 966 1512 Gedam',
981 1488 994 1507 8
1007 1488 1093 1513 Augusti
1106 1489 1163 1507 1552.

293 1524 379 1543 Excessit
400 1524 472 1549 Czepel
490 1525 539 1543 sicut
553 1531 562 1543 e
577 1525 614 1543 vita
629 1531 638 1543 e
653 1525 712 1543 domo
726 1525 767 1549 ipsa
787 1531 874 1550 quoque,
895 1531 952 1549 quarn
966 1525 1088 1548 inhabitavit,
1106 1531 1164 1550 quam

264 1562 312 1574 num
327 1555 439 1575 Conventus
453 1562 493 1575 esse
507 1556 546 1575 scio
561 1556 620 1575 Ftatis
635 1556 657 1575 V.
673 1556 768 1580 Confido,
783 1563 813 1575 me
827 1560 902 1575 tantum
917 1563 984 1581 possse
998 1556 1051 1581 apud
1065 1560 1083 1575 te
1096 1557 1163 1581 gratia,

265 1594 305 1606 eam
319 1587 375 1606 nobis
393 1588 462 1607 eodem
480 1593 538 1607 censu
552 1588 652 1611 concedas,
668 1594 707 1613 quo
721 1588 752 1607 alii
767 1588 850 1612 cuipiam
865 1588 985 1611 concederes,
1001 1592 1034 1606 aut
1048 1594 1087 1613 quo
1099 1588 1163 1607 hacte-

264 1625 267 1637 ;
280 1619 428 1638 concedebatur.
448 1619 493 1638 Tuo
508 1619 559 1637 illam
575 1619 657 1638 Patricio
666 1619 679 1643 ³,
697 1619 713 1638 si
727 1619 795 1643 nescis,
809 1619 929 1643 quaerimus,
944 1624 983 1643 quo
998 1625 1060 1643 neque
1079 1619 1163 1638 vicinum

265 1693 270 1704 ¹
292 1692 316 1708 Cf.
327 1692 432 1713 764.1
448 1692 471 1708 ef.
483 1697 519 1712 77¹·
582 1693 589 1703 θ
603 1692 675 1707 Andreae
686 1692 756 1707 Nidecki.

291 1728 327 1741 Am
334 1728 398 1741 roiam
406 1728 475 1745 namna,
484 1730 527 1741 mun
535 1728 546 1741 1.
1041 1719 1063 1737 52
