1465 2093
525 208 652 223 xmsomntm
666 209 726 227 nrum,
741 208 798 223 unm.
1094 203 1133 228 365

194 261 295 286 Reginalis
310 261 423 286 susceperit,
439 267 475 286 ego
490 261 565 284 nescio,
580 261 656 280 mallem
671 268 726 283 sanc,
741 268 780 280 non
796 268 818 280 ex
832 261 890 286 ipsius
904 261 1003 280 voluntate
1024 265 1134 286 susceptam

195 299 244 315 esse,
259 297 278 311 et
292 293 349 311 credo
364 292 449 317 quidem,
470 298 531 317 neque
552 293 603 311 enim
618 292 639 311 fit
653 293 700 311 mihi
720 293 832 316 verisimile,
852 299 883 311 me
898 299 908 311 a
922 292 981 311 Mtate
996 292 1018 311 V.
1033 293 1090 311 tantis
1110 293 1133 311 de

196 325 254 343 rebus
269 324 352 342 celatum
366 330 413 342 esse.
428 323 522 346 Omnino,
537 324 552 342 si
567 330 616 348 qnae
631 324 705 343 Turcae
720 324 804 349 suspicio
819 324 879 347 fieret,
894 324 916 342 V.
931 324 1011 342 Mtntem
1030 324 1133 348 profectio-

195 356 225 374 nis
240 356 282 380 ejus
296 355 393 374 consciam
408 355 474 378 fuisse,
489 361 556 374 vereor
576 355 667 378 nimium,
685 362 708 374 ne
723 356 768 380 quid
788 356 811 374 de
828 355 910 374 amicitia
925 355 948 374 V.
963 355 1007 374 Mtis
1028 355 1133 374 addubitet.

195 387 241 405 Vidi
257 393 293 410 ego
305 390 323 405 et
334 386 404 409 audivi,
419 386 438 405 in
453 386 607 405 Transilvaniam
622 387 695 411 legatus
710 393 770 411 quum
786 393 846 405 essem
858 387 870 409 ¹,
885 393 943 411 quam
958 387 1059 412 diligenter
1068 387 1133 405 Turca

196 418 216 436 id
230 418 309 440 caverit,
325 423 347 435 ne
362 423 398 442 qua
414 417 511 442 Reginalis
526 417 575 436 Mtas
589 424 612 436 ex
625 418 768 436 Transsilvania
787 418 903 441 elaberetur,
922 424 960 442 qua
975 424 1010 436 nos
1024 422 1070 437 tunc
1085 424 1134 442 quo-

196 455 235 474 que
251 455 270 467 re
284 449 384 471 commoti,
398 454 459 473 quum
474 448 514 467 fieri
529 449 554 472 id,
570 449 622 473 quod
637 449 738 472 voluimus,
754 455 794 468 non
810 455 866 474 posse
880 449 986 472 videbatur,
998 449 1018 467 id
1030 449 1133 473 voluimus,

196 481 251 506 quod
271 480 380 504 potuimus,
402 480 460 505 idque
479 484 543 499 tamen
559 481 583 498 ita
600 481 731 505 providimus,
752 481 804 499 nulla
818 485 839 499 ut
852 487 908 499 causa
928 487 968 499 esse
987 481 1080 505 potuerit,
1100 486 1134 499 cur

196 512 249 530 Suae
264 512 328 530 Mtatis
343 512 362 530 in
376 511 509 530 Transilvania
525 512 652 530 commoratio
667 518 707 530 non
722 518 765 531 cum
783 518 859 531 summa
874 516 892 530 et
906 512 998 537 dignitate
1013 515 1032 530 et
1046 518 1133 530 commo-

196 543 257 562 ditate
271 549 311 562 esse
323 543 426 561 videretur.
441 543 501 565 Quod
516 549 576 567 quum
588 543 610 561 V.
623 543 677 562 Mtati
692 543 736 562 inde
749 549 833 562 reversus
848 549 971 568 exponerem,
986 543 1072 566 memini,
1084 549 1133 567 quae

196 575 256 593 verba
270 575 294 592 de
309 574 393 592 discessu
412 574 449 592 isto
464 573 513 592 Suae
529 574 625 598 Reginalis
646 575 710 593 Mtatis
730 575 818 598 fecerim,
839 580 887 599 quae
902 581 943 593 mea
963 574 1057 593 sententia
1071 574 1086 593 si
1101 578 1134 593 aut

197 606 325 630 comprobata
340 606 363 623 ab
378 605 419 623 aliis
440 605 517 628 fuisset,
537 609 570 623 aut
583 612 616 624 sua
630 610 699 630 sponte
719 606 817 628 valuisset,
836 606 894 624 alium
910 612 939 624 res
954 606 994 630 ipsa
1008 606 1080 624 exitum
1100 605 1133 624 ha-

196 637 276 656 buisset.
292 637 329 655 Sed
344 637 390 655 haec
404 637 441 661 jam
456 637 508 655 Deus
520 637 594 655 viderit.
610 637 658 655 illud
673 641 736 660 restat,
750 637 814 656 omnis
825 641 846 656 ut
861 637 909 655 ratio
924 637 1000 656 Turcae
1015 641 1133 660 amoveatur,

196 668 271 693 aliquid
291 668 315 686 de
330 668 352 686 V.
373 668 437 686 Mtatis
455 668 474 686 in
492 667 540 686 hanc
561 668 695 687 discessionem
717 668 842 687 consensione
862 668 978 693 suspicandi.
1001 668 1056 687 Dicat
1077 668 1133 693 igitur

197 699 339 722 internuncius,
355 699 376 717 V.
391 699 470 718 Mtatern
490 705 566 724 semper
581 703 619 717 tam
634 699 770 718 Serenissimae
785 700 868 722 sororis,
883 706 941 724 quarn
957 699 983 718 Ill.
999 699 1073 724 nepotis
1087 699 1116 718 sui
1126 699 1134 711 ²

196 737 254 749 causa
275 730 366 755 cupiisse,
385 734 406 749 ut
423 730 449 749 ibi
464 731 487 749 ab
505 730 527 749 iis
542 731 622 755 degatur
641 731 715 755 potius,
736 730 767 749 ubi
788 731 812 749 ad
832 735 952 755 praesentem
972 731 1070 749 fortunam
1090 736 1133 755 spes

196 766 296 787 praeterea
311 762 372 786 Regni
390 761 499 786 affulgeret,
520 767 577 786 quam
592 768 672 786 usquam
687 762 738 780 alibi.
761 762 827 780 Fuisse
842 768 863 780 ea
878 761 946 780 fiducia
961 762 999 787 jam
1020 761 1094 786 pridem
1109 761 1132 780 V.

197 793 217 812 S.
232 793 319 816 Mtatem,
335 797 355 812 ut
369 793 458 818 Regnum
474 793 584 818 Hungariae
598 797 700 818 paternum
714 793 754 812 filio
768 793 858 812 asservari
873 793 896 812 ab
908 793 1025 817 imperatore
1040 793 1132 816 crederet,

196 825 231 850 qui
251 824 300 843 filius
319 825 372 849 quod
387 830 437 843 nunc
452 824 606 843 Transilvaniarn
621 831 664 843 cum
680 829 739 843 matre
754 825 871 849 reliquisset,
886 824 943 849 paulo
958 824 981 843 V.
996 824 1075 843 Mtatem
1090 828 1133 842 ante

196 856 321 881 cognovisse,
340 862 398 881 quam
413 856 523 874 Cassuviam
534 856 541 868 ²¹
556 856 696 880 ingrederetur:
717 856 741 874 ita
755 855 812 874 tacite
827 860 844 874 et
859 859 937 880 repente
957 855 1022 874 omnia
1037 859 1078 874 acta
1092 861 1132 874 esse

195 893 230 912 per
246 893 285 909 eos,
301 886 333 911 qui
345 887 364 905 id
377 887 512 911 procurabant,
528 891 548 905 ut
560 893 599 905 non
615 887 667 911 prius
682 887 728 911 quid
744 887 860 911 perspexisse
872 887 894 905 V.
906 887 956 905 Mtas
970 887 1060 911 potuerit,
1074 892 1132 911 quarn

195 922 238 937 acta
259 922 353 937 transacta
373 918 411 943 jam
431 918 516 937 fuissent.
542 918 643 936 Rationem
666 922 730 936 autem
754 918 810 943 hujus
830 918 857 936 rei
875 918 897 936 V.
918 918 997 936 Mtatem
1021 917 1132 942 imperatori

195 954 300 974 propterea
321 950 409 973 reddere,
429 950 492 968 omnis
507 954 527 968 ut
542 949 632 968 omnibus
652 949 728 968 occasio
749 953 868 974 amputetur,
888 949 941 967 aliter
956 955 1014 973 quam
1035 952 1132 967 narratum

196 985 231 1003 est,
247 981 270 999 de
285 981 308 999 V.
323 981 381 999 Mme
401 981 516 1005 suspicandi.
537 980 604 999 Cetera
620 980 642 999 V.
662 981 711 999 Mtas
731 987 766 1005 pro
781 987 816 999 suo
836 980 994 1005 reliquorumque
1016 980 1132 998 Senatorum

197 1012 280 1031 consilio
300 1012 366 1034 addet,
385 1012 401 1030 si
415 1012 476 1035 volet,
496 1012 541 1031 haec
557 1012 597 1037 ipsa
612 1012 668 1030 etiam
684 1012 713 1030 vel
727 1012 809 1035 minuet⁷
829 1012 858 1030 vel
873 1011 959 1030 mutabit.
985 1011 1033 1030 iliud
1055 1015 1132 1029 tantum

196 1043 286 1062 mittendi
307 1043 402 1067 ejusmodi
422 1042 538 1062 internuncii
559 1043 660 1062 consilium
679 1043 765 1066 confido,
786 1049 816 1062 me
831 1043 853 1061 V.
867 1043 922 1061 Mtati
943 1049 982 1061 esse
997 1043 1131 1067 probaturum,

196 1080 257 1099 quam
272 1078 320 1098 opto
335 1080 413 1098 regnare
428 1074 576 1099 tranquilissime
591 1079 609 1093 et
622 1074 740 1098 felicissime,
760 1075 829 1099 cuique
845 1081 875 1093 me
889 1074 908 1093 in
923 1074 1003 1099 gratiam
1019 1078 1037 1092 et
1050 1074 1132 1092 clemen-

196 1106 243 1124 tiam
259 1105 366 1129 supplicem
381 1106 503 1124 commcndo.
519 1105 631 1128 Cracoviae,
646 1105 679 1124 Xll
694 1106 819 1130 Septembris.

223 1177 270 1197 694.
616 1179 714 1198 Eidem.

778 1227 892 1249 Cracoviae,
908 1227 931 1245 13
945 1227 1063 1251 Septembris
1077 1226 1131 1244 1551.

263 1262 346 1280 Veniens
366 1262 402 1280 huc
417 1262 441 1280 ad
456 1262 559 1281 Ecclesiam
580 1269 651 1286 meam,
672 1263 744 1286 inveni,
762 1270 827 1282 verum
845 1270 894 1286 esse,
914 1264 967 1288 quod
984 1263 1042 1287 vulgo
1062 1262 1133 1280 nostris

199 1293 278 1311 dicitur:
299 1293 345 1311 hero
360 1294 447 1316 absente,
462 1300 541 1318 regnare
556 1294 662 1318 licentiam
677 1295 695 1313 in
711 1295 745 1313 hac
763 1295 814 1314 enirn
829 1299 847 1314 et
861 1295 883 1313 V.
898 1295 961 1313 Mtatis
976 1294 994 1313 S.
1010 1298 1028 1313 et
1042 1294 1132 1319 Episcopi

197 1324 332 1343 Cracoviensis
347 1324 438 1347 absentia,
453 1329 505 1343 tanta
520 1325 550 1343 hie
564 1326 651 1344 licentiae
666 1333 719 1351 seges
734 1327 814 1345 crevisse
829 1327 867 1345 visa
883 1330 917 1349 est,
931 1331 952 1345 ut
964 1326 1011 1344 nihil
1025 1331 1088 1350 supra,
1104 1325 1131 1343 id-

197 1356 271 1380 quein
289 1356 382 1380 reiigione
402 1356 489 1380 inprimis
507 1361 526 1375 et
543 1357 595 1375 cultu
615 1357 661 1380 Dei,
684 1364 741 1382 quem
761 1357 849 1376 homines
869 1364 904 1382 pro
923 1357 1032 1376 studiorum
1052 1362 1131 1375 suorum

196 1387 289 1406 varietate
304 1387 322 1405 in
338 1387 388 1406 varia
403 1387 534 1406 distraxerant.
549 1388 594 1410 Quo
609 1389 628 1406 in
643 1395 713 1412 genere
728 1389 761 1407 etsi
776 1389 917 1413 intelligebam,
936 1389 982 1413 quid
996 1388 1042 1407 mihi
1057 1388 1132 1406 incum-

196 1419 261 1440 beret,
282 1422 345 1437 tamen
361 1419 406 1437 dum
422 1423 501 1437 naturae
521 1425 574 1438 meae
589 1420 703 1438 modestiam
721 1420 772 1439 malo
787 1427 845 1445 quam
866 1420 966 1445 quippiam
986 1420 1038 1438 aliud
1056 1418 1132 1441 imitari,

196 1449 239 1474 cepi
256 1455 296 1468 eam
313 1450 415 1472 rationem,
430 1456 488 1474 quam
504 1457 525 1468 ex
541 1450 577 1469 hoc
591 1451 672 1475 scripto,
691 1452 744 1476 quod
759 1451 824 1475 mitto,
839 1455 942 1476 cognoscet
955 1451 978 1469 V.
993 1451 1048 1469 Mtas.
1068 1450 1132 1474 Rogo,

195 1485 219 1500 ut
233 1481 258 1499 ad
274 1481 377 1499 Ecclesiam
398 1481 433 1499 Dei
454 1485 472 1500 et
490 1488 561 1500 munus
581 1482 638 1501 simul
656 1487 712 1507 atque
732 1483 853 1502 autoritatem
874 1489 928 1501 suam
942 1483 966 1501 ita
982 1482 1026 1501 velit
1040 1482 1062 1500 V.
1083 1481 1132 1499 Mtas

192 1512 256 1534 tueri,
276 1518 299 1530 ne
314 1512 360 1537 quid
376 1518 410 1537 per
424 1513 523 1531 audaciam
543 1514 665 1537 quorundam
683 1515 701 1533 in
719 1521 774 1533 verae
795 1515 893 1538 religionis
914 1514 987 1533 ratione
1008 1513 1132 1535 convellatur,

192 1543 252 1568 cujus
267 1543 294 1561 rei
307 1543 366 1568 gratia
382 1548 400 1562 et
414 1544 494 1562 aliarum
515 1545 619 1563 multarum
640 1551 730 1570 cuperem
750 1546 773 1564 V.
788 1546 807 1564 S.
826 1546 905 1564 Mtatem
926 1545 956 1564 hic
971 1551 1028 1570 quam
1047 1544 1132 1568 primum

192 1581 245 1594 esse.
269 1574 327 1597 Quod
342 1575 421 1595 addam.
441 1576 475 1594 etsi
490 1577 576 1600 pondere
591 1581 609 1595 et
624 1577 714 1601 gravitate
730 1582 758 1596 est
771 1577 870 1602 aliquanto
885 1577 973 1599 inferius,
992 1580 1055 1594 tamen
1069 1582 1080 1594 a
1094 1575 1131 1593 Re-

190 1606 275 1632 publica
291 1612 330 1624 non
345 1612 424 1630 prorsus
440 1611 467 1625 est
481 1607 571 1626 alienum.
591 1608 672 1631 Audivi,
687 1612 747 1627 totam
762 1609 814 1627 illam
828 1608 940 1634 planiciem,
960 1613 1009 1632 quae
1023 1607 1058 1625 sub
1072 1612 1115 1625 arce
1125 1606 1132 1618 ⁴

233 1679 238 1689 ¹
262 1679 280 1694 Α,
295 1679 337 1699 ¹549,
349 1679 368 1694 ct‘.
380 1679 410 1698 430
422 1683 437 1695 et
448 1685 483 1700 sqq.
547 1680 553 1690 ²
567 1681 631 1696 Joannis
642 1682 737 1701 Sigismundi
750 1683 825 1703 Zapolya.

231 1705 238 1716 ³
261 1705 316 1720 Miflsto
329 1706 405 1726 Koszycc,
415 1706 462 1722 niem.
474 1706 546 1722 Kaschaa
558 1711 572 1721 w
583 1707 655 1728 gornych
667 1708 761 1728 Wegrzech.
824 1709 830 1719 Ι
845 1708 951 1724 Crucoviensi.
