1465 2093
573 204 714 219 nis-mmm:
727 204 789 223 mm,
802 205 860 219 amm.
1150 205 1188 225 3⁰7

258 256 315 276 uriae
329 256 397 275 vitium
412 256 477 276 inferri
492 257 516 276 ab
530 257 562 280 iis,
576 257 610 282 qui
624 263 667 276 eam
681 257 798 280 inhabitant,
812 257 880 281 audio;
900 263 936 282 ego
951 257 1027 276 tametsi
1041 257 1114 281 malim,
1128 261 1150 276 ut
1163 257 1188 276 ab

258 288 372 312 nominibus,
387 294 471 313 quorum
485 294 542 307 eausa
556 288 678 307 exaedificata
692 293 729 311 est,
744 288 845 312 habitetur,
860 294 918 313 quam
933 289 1008 307 deserta
1022 293 1109 312 maneat,
1124 292 1188 308 tamen

258 326 264 339 ι
279 319 300 338 V.
315 319 370 338 Ftate
384 323 438 344 peto,
458 320 492 338 has
506 324 527 338 ut
541 320 586 338 istas
600 320 623 338 ab
638 326 659 339 ea
674 319 752 344 injurias
773 320 884 344 prohibeat,
904 324 923 339 et
939 320 988 339 bene
1007 320 1074 339 valeat.
1096 321 1188 339 annovo

258 357 298 370 ·ure
311 355 387 375 nostro,
401 351 426 370 VI
440 351 505 370 Martii
519 351 590 370 MDLI.

280 423 323 443 598.
430 425 504 444 Petro
518 425 680 447 Porembski.
695 425 825 444 canonico
840 425 1011 444 cracoviensi.

910 471 1005 496 Larnm'i,
1021 472 1034 489 ⁶
1047 471 1118 491 Martii
1132 473 1187 491 1551.

315 509 343 527 Ita
358 515 426 527 omnes
440 515 493 527 meas
507 508 591 527 rationes
605 509 624 527 in
638 508 790 527 administranda
807 508 842 527 ista
857 512 895 526 tarn
914 507 1012 526 Praeclara
1032 507 1116 527 dioecesi
1135 514 1189 527 com-

258 545 317 563 muo,
337 540 357 558 id
371 541 425 565 quod
439 540 497 559 etiam
517 544 573 558 antea
587 540 607 558 in
621 540 673 559 nulla
688 546 772 564 unquam
793 539 922 564 praetermisi,
942 543 963 557 ut
978 543 996 557 et
1010 539 1094 564 dignitas
1113 545 1156 558 men
1170 543 1189 558 et

258 571 304 590 :alus
324 571 434 596 provinciae
454 575 588 594 conservetur,
608 575 629 590 ut
643 577 698 590 meus
712 571 731 589 in
746 577 779 589 eos
793 576 849 589 amor
863 574 931 594 exstet,
952 570 984 595 qui
999 576 1018 589 se
1033 570 1071 589 mei
1091 570 1190 590 studiosos

258 608 296 621 =sse
309 602 431 627 profitentur.
452 603 584 625 Quamobrem
605 603 692 627 dignitati
713 608 766 621 meae
786 606 804 620 et
823 601 878 620 saluti
896 601 1005 626 provinciae
1025 601 1045 619 id
1059 601 1113 624 dedi,
1132 606 1153 620 ut
1167 602 1190 621 V.

258 633 335 657 Fiatem,
350 634 404 659 cujus
418 634 465 652 mihi
480 634 565 658 probitas
579 638 598 652 et
612 634 704 653 industria
719 637 818 658 perspecta
833 637 870 656 est,
885 632 993 651 Osficinlem
1011 638 1076 651 meum
1094 638 1157 652 creent
1172 637 1190 652 et

258 666 378 688 munimem,
399 665 448 684 sicut
465 665 542 684 uberius
556 671 578 684 ex
592 665 703 690 putentibus
722 665 792 688 literis,
812 671 859 689 quas
874 664 899 683 illi
923 664 988 686 mitto,
1008 668 1117 689 cognoscet.
1142 664 1189 684 Peto

258 700 316 715 nutem
331 697 354 715 ab
370 697 411 719 illa,
428 700 449 715 ut
462 701 481 715 et
495 696 632 721 benignitatem
651 696 699 714 hanc
714 702 758 720 erga
773 702 792 714 se
807 702 869 714 rneam
884 700 936 720 gratu
951 695 1048 714 voluntate
1066 695 1157 720 excipiar.
1172 700 1190 715 et

258 733 324 746 nunus
344 727 452 752 injunctum
467 727 492 746 ita
507 731 570 752 gerat,
590 731 611 746 ut
625 731 644 746 et
658 726 705 745 fides
722 727 772 745 iilius
790 731 847 752 atque
868 727 958 752 gravitas,
978 730 996 745 et
1010 726 1093 751 dignitus
1113 733 1156 746 meu
1171 731 1189 746 et

259 759 345 777 lioecesis
366 759 467 777 necessitas
487 759 576 783 postulat.
596 758 634 777 Mei
649 763 713 777 autern
729 764 772 783 erga
787 759 837 777 illurn
852 758 924 777 amoris
939 758 968 777 hic
983 762 1011 777 est
1024 758 1112 777 cumulus
1132 762 1189 783 utque

258 790 343 813 iccessio,
358 790 410 815 quod
425 796 467 809 eam
482 790 589 808 Ilsensem¹
604 789 732 814 capitaneum
747 793 765 808 et
779 789 828 808 facio
842 793 861 808 et
874 789 994 814 pronuncio,
1009 789 1138 814 omnibusque
1153 789 1189 808 illis

258 821 408 840 ’essessionibus
422 821 520 846 praeficio,
535 822 570 840 hac
585 821 720 840 tantummodo
735 821 777 845 lege
792 825 810 839 et
824 821 936 839 conditione
954 821 1036 845 adjecta,
1056 824 1077 839 ut
1090 820 1190 845 Vicecnpi-

260 858 321 871 aneus
341 852 396 871 isthic
410 859 454 871 meo
468 853 561 871 arbitratu
579 852 715 875 constituatur,
736 852 768 876 qui
782 856 847 870 tamen
862 852 901 876 ipse
916 856 934 870 et
948 852 1018 870 sciente
1033 851 1055 870 V.
1070 851 1124 870 Ftate
1144 858 1188 870 con-

258 884 350 907 fimatur,
371 888 389 903 et
403 890 447 908 erga
466 884 518 902 iliam
532 884 584 902 haud
601 890 656 902 secus
670 883 714 906 crit,
734 887 791 907 atque
806 889 846 901 esse
864 889 975 907 quenquam
996 889 1039 907 erga
1060 882 1188 907 capitaneum

258 921 310 934 auum
325 921 360 939 par
374 919 407 934 est.
423 915 446 934 V.
461 915 505 934 Ftas
519 915 567 933 bene
582 915 648 933 valeat.
664 915 754 933 Laznovo
770 920 813 933 rure
828 918 900 937 nostro,
915 914 939 932 Vt
955 913 1017 932 Martii
1033 913 1101 931 MDLt.

278 987 324 1007 599.
532 988 702 1012 Sigismundo
716 988 838 1011 Augusto
852 987 921 1010 Regi

876 1034 899 1053 In
916 1034 1008 1057 Walnice,
1023 1035 1036 1052 9
1049 1033 1119 1052 Martii
1133 1033 1188 1052 1551.

316 1071 400 1090 Fortiter
414 1072 521 1096 contempsi
537 1078 605 1090 omnes
621 1078 716 1095 rumores,
731 1071 764 1096 qui
779 1071 870 1090 hactenus
885 1071 908 1089 ad
924 1076 953 1089 rne
967 1070 1079 1093 veniebant,
1094 1070 1117 1088 de
1132 1069 1189 1087 minis

258 1103 389 1127 quorundam,
409 1103 442 1128 qui
462 1103 601 1128 Episcopatum
622 1103 730 1127 praeripere
750 1103 797 1121 mihi
818 1103 914 1125 nituntur,
935 1108 993 1126 quem
1014 1107 1079 1120 recens
1096 1106 1117 1119 ex
1131 1100 1154 1119 V.
1169 1100 1189 1118 S.

258 1134 318 1153 Mtatis
332 1134 393 1159 gratia
407 1140 449 1153 sum
465 1138 584 1157 consecutus,
599 1141 643 1153 nnn]
659 1138 677 1153 et
691 1134 739 1153 clam
755 1134 884 1158 jactabantur,
900 1137 918 1152 et
932 1139 971 1151 non
987 1136 1025 1151 tam
1039 1132 1108 1151 infesto
1123 1131 1188 1150 animo

258 1171 284 1184 ne
298 1166 395 1190 petebant.
411 1166 466 1184 Nunc
481 1166 513 1190 qui
529 1166 552 1184 ad
567 1172 598 1184 mc
612 1166 662 1184 allati
677 1169 728 1187 sunt.
749 1165 783 1183 etsi
798 1169 902 1184 contemno
917 1170 995 1189 quoque
1010 1171 1043 1183 eos
1058 1164 1147 1189 quidem,
1161 1166 1189 1181 ta-

259 1203 297 1215 nen
312 1197 357 1221 quia
377 1197 454 1221 publice
474 1197 511 1222 jam
532 1201 623 1215 seruntur
637 1201 655 1215 et
668 1201 738 1215 sonant
758 1196 854 1219 acerbius,
875 1200 981 1220 temperare
1001 1202 1041 1214 non
1058 1195 1123 1220 potui,
1143 1193 1189 1218 quin

261 1228 296 1246 llos
310 1228 365 1246 Mtati
380 1228 402 1247 V.
418 1228 437 1246 S.
453 1228 597 1253 perscriberem.
619 1229 638 1246 ln
654 1228 734 1246 aedibus
749 1228 771 1246 R.
788 1228 824 1246 Dni
840 1227 960 1246 Chelmensis
978 1227 1072 1251 designati
1082 1226 1090 1238 ²
1109 1224 1188 1249 Capitu-

258 1259 312 1278 .um³
331 1263 468 1284 congregatum
487 1265 546 1284 quum
565 1264 624 1282 essct,
644 1259 708 1284 coepit
726 1259 780 1277 Dnus
799 1259 935 1277 Czarnkowski
951 1259 974 1277 de
989 1259 1029 1283 jure
1048 1257 1133 1282 quodam
1152 1261 1188 1274 ιιιο

258 1290 353 1313 iisserere,
368 1291 420 1315 quod
434 1297 493 1315 super
507 1291 626 1315 Episcopatu
638 1290 761 1309 Cracoviensi
775 1290 845 1309 habere
857 1297 877 1309 se
888 1290 967 1312 dictitat,
982 1290 1035 1314 quod
1051 1288 1129 1313 quidem
1141 1286 1188 1306 und

258 1322 305 1346 ipud
320 1327 394 1345 se1esse
412 1322 447 1345 ait,
467 1322 520 1340 utin
539 1322 609 1340 nullius
630 1321 713 1340 hominis
732 1322 813 1346 gratiam
833 1322 849 1340 ei
867 1321 891 1340 sit
911 1321 1066 1343 renunciaturus,
1085 1323 1124 1338 tam
1144 1324 1189 1337 vem

258 1352 332 1372 irmum
347 1357 365 1371 et
378 1353 474 1376 validum,
494 1358 515 1372 ut
529 1354 657 1378 Episcopatus
676 1353 808 1371 Cracoviensis
827 1353 897 1371 nuliius
911 1352 935 1371 sit
948 1352 1034 1374 alterius,
1049 1356 1108 1376 quam
1122 1349 1187 1375 ipsiu,

258 1385 287 1409 {ui
301 1385 332 1409 jus
350 1384 402 1403 aliud
422 1384 502 1407 habeat,
518 1385 576 1409 idque
590 1391 609 1403 se
625 1391 665 1403 esse
685 1384 788 1409 aliquando
809 1388 954 1408 persecuturum
976 1388 1044 1407 magna
1064 1380 1187 1401 contenti*

258 1415 368 1440 nagnisque
389 1416 550 1434 obtestationibus
573 1415 695 1438 asseveravit;
717 1416 741 1433 ad
761 1420 868 1434 extremum
891 1415 937 1433 mihi
959 1415 977 1433 id
998 1420 1033 1438 per
1055 1411 1186 1432 Venerffi

259 1447 321 1465 >num
336 1447 461 1471 Slornowski,
482 1447 558 1466 fratrem
579 1453 644 1465 meum
659 1451 677 1465 ct
691 1446 812 1465 Canonicum
830 1446 986 1469 Crncoviensem,
1006 1443 1110 1470 significari
1126 1443 1186 1468 μ

259 1483 321 1503 taque
340 1484 364 1497 ne
384 1478 422 1496 ulla
445 1479 519 1497 ratione
538 1478 643 1504 receptioni
667 1484 719 1497 meae
739 1478 759 1496 in
780 1484 824 1496 eum
847 1478 986 1502 Episcopaturn
1008 1475 1117 1495 consentire
1134 1473 1186 1494 ἂν

259 1514 312 1532 etur,
327 1509 347 1528 in
367 1510 458 1534 Magnam
472 1516 492 1528 se
508 1510 608 1528 Poloniam
628 1510 723 1528 abiturum
742 1509 798 1532 dixit,
818 1513 836 1528 et
850 1515 909 1534 quum
924 1514 946 1527 ex
964 1508 1006 1532 ipso
1024 1507 1048 1525 R.
1063 1504 1184 1525 Dt-OEv

258 1541 325 1560 “tensis
340 1541 448 1566 designatus
469 1545 566 1566 quareret,
586 1547 610 1559 an
625 1541 661 1559 hoc
679 1541 708 1565 jus
728 1540 787 1565 ipsius
807 1539 934 1565 designationi
954 1545 998 1557 suae
1012 1538 1032 1557 in
1047 1536 1183 1560 Qum

258 1577 265 1592 t
282 1573 308 1591 R.
331 1572 369 1591 Dni
390 1573 491 1597 Drojevii⁴
510 1573 529 1591 in
549 1572 684 1598 Cujaviensem
703 1572 818 1590 detrimento
836 1578 875 1590 non
894 1571 951 1593 foret,
973 1568 1083 1595 responsa.
1097 1567 1182 1588 ἠ

258 1603 383 1629 esignationi
406 1604 521 1623 detrimento
544 1604 595 1627 fore,
618 1603 665 1622 mihi
687 1609 745 1628 porro
768 1603 793 1621 ita
813 1602 863 1625 fore,
883 1606 903 1621 ut
926 1605 944 1619 et
965 1600 1181 1626 Cujflvim„

258 1636 342 1659 btineo,
357 1635 453 1659 amittam,
474 1640 492 1654 et
511 1635 669 1658 cracoviensem,
689 1640 747 1659 quern
769 1638 823 1658 peto,
843 1640 882 1652 nun
905 1637 1000 1657 assequar.
1024 1631 1047 1652 Ι.
1063 1636 1106 1657 ρ
1119 1630 1181 1656 ‘fia

281 1706 288 1716 ¹
315 1703 341 1720 Cf.
354 1703 388 1719 582.
453 1704 459 1714 ²
474 1704 486 1719 J.
498 1703 583 1719 Uchnriski.
646 1703 652 1713 ¹
667 1702 776 1718 cracow-ense.
839 1702 846 1712 ⁴
860 1701 873 1717 J.
885 1699 999 1720 Drahojewnu.
