1465 2093
518 214 658 229 RHETOLABW
671 214 731 231 mm,
746 213 803 228 ntum.
1089 215 1126 240 367

188 275 257 288 meum
271 268 379 287 accinctum
394 273 434 286 esse
449 267 547 292 jusseram,
559 271 580 286 ut
592 267 706 291 Respublica
722 269 815 291 quantum
831 270 908 286 centum
923 268 1019 292 equitibus
1031 269 1069 295 (tot
1080 276 1125 290 sunt

190 300 243 319 enirn
259 300 278 318 in
294 300 386 319 comitatu
401 306 452 322 meo,
467 305 524 323 quem
540 298 647 319 mittebam)
666 298 726 322 juvari
742 298 814 322 possit,
829 304 863 322 per
877 305 907 317 me
921 300 1024 324 juvaretur.
1047 302 1127 327 Jamque

190 337 241 356 pene
256 331 275 350 in
292 331 366 349 hostem
380 331 425 349 ituri
440 334 502 352 erant,
522 336 582 354 quum
602 330 670 348 iterum
686 330 709 347 ab
724 329 793 347 eodem
811 330 855 348 Dno
876 329 997 351 Cracoviensi
1018 332 1127 353 castellano

189 362 270 381 allatum
286 366 320 385 est,
335 362 410 380 hostem
426 361 475 386 proh
490 360 555 379 dolor!
570 361 647 385 praeda,
659 360 755 384 caedibus,
767 361 863 384 incendio,
878 362 985 387 direptione
999 364 1088 383 satiatum
1103 366 1127 384 ad

190 399 225 412 sua
241 393 325 412 rediisse.
349 393 392 416 Qua
412 399 447 411 nos
462 399 482 411 re
496 392 561 411 audita
581 392 706 416 Reipublicae
727 392 788 410 vicem
808 393 917 419 doluimus,
938 394 1018 413 militem
1039 400 1127 415 nostrum

191 425 246 443 domi
262 425 402 444 constituimus.
425 424 463 443 Sed
483 424 575 448 quonium
590 424 644 442 Dnus
661 423 790 447 Castellanus,
811 424 843 449 qui
858 425 899 449 ejus
913 425 973 444 hostis
988 433 1051 445 mores
1070 432 1127 452 atque

192 456 272 475 consilia
287 456 382 480 imprimis
396 455 453 474 habet
468 455 572 480 explorata,
587 461 704 480 magnopere
719 459 801 478 veretur,
813 462 836 474 ne
849 455 909 474 hostis
923 456 1054 477 incursionem
1066 459 1127 482 iteret,

192 488 249 513 une
264 488 328 506 Mtatis
343 487 487 512 indignitatem,
508 490 592 505 nostram
608 486 756 511 turpitudinem,
775 487 873 505 sociorum
888 492 906 506 et
921 488 1044 513 Reipublicae
1064 490 1127 514 perni-

193 519 242 538 ciem
258 519 389 543 conduplicet,
405 518 470 537 scribit
484 518 508 536 ad
522 524 558 536 nos
573 524 650 540 omnes,
665 518 698 542 qui
713 518 731 536 in
747 518 781 536 hac
797 518 919 538 Cracnviensi
935 519 1127 547 Sandomiriensique

193 550 291 575 provincia
307 549 397 574 praefecti
411 555 484 571 sumus,
498 556 509 567 a
524 549 620 574 nobisque
634 555 709 568 summe
724 549 780 574 petitv
797 550 877 568 Mtatem
893 555 912 569 ut
927 551 949 570 V.
964 552 984 570 S.
999 552 1128 576 obsecremus,

192 582 241 600 sicut
261 582 299 606 jam
314 587 350 606 ego
365 585 383 599 et
397 581 489 603 obsecro,
511 585 532 599 ut
546 581 595 599 Mtas
610 580 639 603 V.,
654 586 714 605 quum
734 580 827 606 intelligat
846 586 931 601 nostrum
946 582 983 601 hoc
1003 584 1127 608 praesidium,

193 613 247 638 quod
262 613 306 631 hinc
321 612 396 631 missuri
412 618 508 635 essemus,
522 615 541 630 et
554 612 679 636 longinquius
693 616 712 630 et
726 612 820 631 infirmius
835 619 881 636 esse,
897 619 954 638 quam
970 618 990 633 ut
1004 615 1072 634 subitis
1092 615 1127 634 ho-

193 645 252 663 stium
265 648 323 669 atque
343 644 444 662 horrendis
465 643 569 668 impetibus
588 643 662 668 opponi
683 643 751 668 possit,
775 643 815 668 ipsa
833 644 898 668 potius
920 646 1063 665 communicato
1084 652 1128 665 cum

194 675 295 694 Lithuanis
315 675 426 700 proceribus
447 674 538 698 consilio,
558 680 642 699 quorum
662 674 757 699 imprimis
776 681 806 693 res
826 675 895 699 agitur,
916 676 947 695 tali
963 683 1013 696 nunc
1032 678 1127 702 praesidio

194 706 343 731 Rempubiicam
358 706 457 729 obfirmet,
477 706 532 731 quale
546 706 603 725 subiti
618 706 648 724 isti
663 712 716 725 casus
737 706 818 725 maxime
833 707 942 731 requirunt,
962 714 985 727 ne
999 709 1066 727 saltem
1081 709 1127 728 Res-

193 770 234 793 det,
255 773 349 794 quantum
364 769 470 787 maximum
484 773 557 793 potest,
578 775 667 793 operam,
688 773 709 787 ut
723 773 742 787 et
755 769 793 787 cito
808 769 920 788 Lithuanica
938 770 1015 794 negotiu
1034 771 1129 794 conficiat,

194 804 213 819 et
227 801 252 819 ad
266 807 302 819 nos
317 800 461 825 quamprimum
477 800 550 822 redeat,
564 803 586 818 ut
600 800 675 818 indietis
692 799 781 818 Comitiis
796 806 817 819 eu
831 807 842 819 a
857 801 913 819 nobis
928 801 976 820 ratio
992 801 1073 821 fideliter
1087 802 1129 821 dili-

193 836 300 857 genterque
321 831 455 856 investigetur,
478 837 515 856 qua
531 831 621 856 deinceps
640 831 707 850 similis
727 831 811 850 hostium
831 832 910 851 audacia
928 834 1031 852 commode
1051 834 1129 859 reprimi

193 863 260 888 possit.
277 863 320 881 Hoc
335 869 370 887 ego
385 863 407 881 V.
423 862 442 880 S.
457 862 536 880 Mtntem
552 868 598 887 rogo
614 868 647 886 per
662 862 724 881 Deum
739 863 876 882 Immortalem.
894 864 922 882 De
937 864 981 882 Dno
997 865 1129 888 Dworznnski,

193 901 231 919 ego
246 894 296 913 sicut
310 894 372 917 soleo,
388 894 444 913 etiam
460 893 489 912 hic
504 893 526 911 V.
542 893 605 912 Mtatis
623 893 703 918 imperio
721 894 836 918 paruissem,
852 895 886 913 nisi
902 896 955 919 quod
971 896 1079 915 Advocatus
1094 897 1129 915 iste

193 926 351 948 Slawcoviensis,
372 925 425 950 cujus
440 925 565 943 Advocaxiam
584 925 677 943 redimere
692 925 816 944 Dworzanski
832 926 895 948 vellet,
917 930 945 944 est
959 926 1005 945 mihi
1020 933 1030 945 a
1044 927 1131 952 Venere-q

193 958 227 976 bili
243 957 335 982 Capitulo
351 963 394 975 meo
410 957 531 975 vehementer
545 956 697 978 commendatuS,
712 963 754 975 cum
770 961 877 981 propterea,
893 958 945 982 quod
958 958 977 976 in
991 964 1012 976 ea
1024 958 1129 977 Advocatia

193 995 204 1007 a
219 989 283 1007 multo
298 989 335 1013 jam
351 992 438 1013 tempore
459 988 575 1010 consederit,
595 991 635 1006 tum
651 988 703 1012 quod
718 988 777 1006 mirus
795 994 835 1006 esse
850 988 916 1007 artifex
936 989 1004 1007 dicitur
1019 989 1037 1007 in
1052 989 1129 1008 investi-

193 1020 263 1044 gandis
285 1019 336 1038 venis
357 1019 494 1038 metallorum*
514 1023 553 1037 tarn
568 1019 586 1037 in
601 1018 662 1037 fundo
677 1025 730 1042 meo,
750 1025 808 1043 quarn
828 1019 847 1037 in
862 1026 909 1044 agro
924 1020 946 1038 V.
962 1020 981 1038 S.
996 1020 1066 1039 Mtatis.
1088 1021 1129 1039 Jam

193 1058 242 1070 vero
257 1051 286 1075 jus
301 1051 358 1069 etiam
373 1055 429 1075 atque
445 1050 566 1075 privilegium
582 1050 665 1068 hominis
682 1056 798 1074 cognoscere
813 1056 889 1069 necesse
904 1054 959 1074 esset,
980 1057 1016 1075 ego
1031 1055 1095 1069 autem
1110 1051 1129 1069 in

194 1089 218 1101 eo
233 1082 331 1101 territorio
346 1083 434 1100 nondum
449 1082 481 1100 fui.
496 1082 519 1100 V.
534 1081 553 1099 S.
568 1082 617 1100 Mtas
631 1085 652 1100 ut
666 1081 710 1099 felix
728 1081 783 1100 nobis
801 1081 882 1106 imperet
896 1082 982 1107 Remque
997 1082 1093 1106 publicam
1108 1088 1130 1101 ex

196 1114 237 1132 istis
257 1113 343 1132 hostium
364 1113 451 1131 saucibus
471 1113 546 1137 eripiat,
570 1112 614 1131 faxit
634 1112 726 1131 Summus
747 1113 803 1131 Deus.
829 1113 942 1137 Cracoviae,
962 1113 1022 1131 XVllI
1043 1113 1130 1138 Septem-

196 1145 242 1168 bris,
258 1145 328 1163 MDLI.

222 1218 268 1237 698Δ
616 1217 714 1237 Eidem.

774 1265 888 1289 cracoviae,
902 1266 929 1284 24
942 1265 1061 1290 Septembris
1076 1266 1130 1284 1551.

261 1303 353 1321 Praefecti
374 1302 448 1321 fabrum
469 1301 617 1324 arculariorum,
640 1302 673 1326 qui
692 1305 737 1320 sunt
752 1301 781 1320 hic
800 1301 913 1325 Cracoviae,
933 1302 956 1320 ad
971 1309 1001 1320 me
1021 1302 1131 1326 attulerunt,

196 1335 247 1353 duos
262 1340 284 1352 ex
298 1333 377 1358 opificio
392 1339 427 1352 suo
442 1333 519 1352 tertium
539 1333 636 1357 quendam
656 1333 784 1356 interemisse,
805 1336 898 1358 utrosque
918 1333 1025 1352 homicidas
1044 1339 1131 1358 compre-

196 1365 269 1384 hensos
289 1365 357 1388 fuisse,
377 1365 456 1383 alterum
472 1370 550 1389 quoque
564 1364 602 1388 jam
617 1364 678 1388 capite
692 1364 769 1388 plexum
784 1370 834 1387 esse,
854 1368 924 1383 restare
941 1365 1003 1383 adhuc
1018 1365 1037 1383 in
1052 1364 1132 1383 vinculis

195 1397 289 1418 alterum,
310 1396 343 1420 qui
358 1400 378 1414 ut
393 1395 486 1414 beneficio
502 1402 545 1414 meo
561 1395 617 1414 vitam
633 1395 692 1419 possit
711 1395 801 1418 retinere,
816 1401 825 1413 a
840 1401 871 1414 me
886 1395 1053 1414 vehementissime
1073 1395 1131 1420 petie-

195 1431 249 1446 runt.
275 1427 317 1451 Ego
335 1433 395 1452 quum
409 1433 419 1445 a
434 1427 569 1445 Consulibus2’
587 1427 637 1445 idern
657 1430 750 1451 peterem,
771 1427 922 1451 responderunt,
944 1427 1035 1451 quoniam
1054 1433 1083 1445 res
1097 1432 1132 1451 per

194 1459 250 1483 ipsos
264 1459 288 1477 ad
303 1458 382 1476 Mtatem
398 1457 419 1476 V.
435 1458 492 1476 relata
512 1458 550 1482 jum
570 1462 628 1481 esset,
650 1458 685 1476 sibi
703 1458 726 1476 de
744 1458 774 1476 illa
794 1458 898 1483 quicquam
918 1462 993 1483 praeter
1012 1458 1131 1476 voluntatem

194 1490 219 1509 V.
235 1489 301 1508 Mmtis
322 1494 404 1508 statuere
420 1496 457 1507 non
474 1496 514 1507 esse
534 1489 639 1513 integrum,
654 1496 664 1507 a
679 1489 701 1507 V.
717 1489 735 1508 S.
752 1489 810 1508 Mtate
830 1489 869 1513 peti
883 1493 985 1513 oportere,
1005 1489 1098 1514 quicquid
1112 1489 1131 1507 in

193 1528 217 1540 ea
233 1527 254 1540 re
269 1521 375 1545 petendum
389 1521 418 1539 sit.
440 1521 498 1543 Quod
513 1526 573 1545 quum
588 1521 613 1539 ita
627 1527 646 1539 se
661 1520 738 1544 habeat,
753 1521 775 1538 V.
791 1521 810 1539 S.
825 1521 905 1539 Mtatem
919 1520 999 1545 supplex
1015 1526 1072 1545 rogo,
1087 1520 1132 1538 dare

191 1552 245 1573 mihi
261 1553 280 1571 id
295 1552 382 1571 servitori
400 1556 418 1570 et
436 1551 541 1576 Capellano
561 1558 596 1570 suo
616 1552 669 1575 velit,
691 1555 712 1570 ut
729 1551 786 1570 miser
805 1551 839 1570 iste
854 1555 872 1570 et
886 1551 973 1570 adflictus
993 1551 1053 1569 hoino
1073 1551 1132 1575 gratia

189 1585 217 1604 V.
234 1584 301 1603 Mtatis
315 1584 339 1602 ad
353 1590 415 1602 mearn
437 1583 595 1602 intercessionem
610 1584 667 1602 vitam
687 1584 747 1607 possit
761 1586 779 1601 et
792 1583 872 1601 salutem
890 1583 977 1601 retinere.
1000 1583 1077 1601 Nullam
1092 1588 1132 1601 rem

189 1616 293 1641 majorem
309 1621 349 1633 esse
363 1619 417 1639 putet
433 1615 454 1633 V.
469 1615 489 1633 S.
504 1615 563 1638 Mtas,
583 1621 642 1639 quam
656 1614 758 1633 hominum
773 1614 947 1637 conservationem,
962 1620 1005 1632 vere
1020 1614 1071 1632 enim
1086 1613 1133 1632 dixit

229 1712 235 1722 ¹
260 1710 282 1725 W
294 1710 389 1725 Slawkowic
401 1709 516 1730 wydobywano
528 1713 537 1724 z
547 1708 609 1724 dnwien
620 1709 675 1724 dawnn
686 1708 735 1724 οἶόν.
798 1708 805 1719 ¹
820 1708 955 1724 Crecoviensibm.
