1465 2093
535 220 674 235 ammomum
688 221 752 240 mam,
766 221 817 235 unm
1110 217 1148 241 385

256 272 345 290 >cnemis
358 273 368 295 ¹,
384 273 415 297 qui
431 273 479 297 gerit
492 272 579 291 Judicem
600 273 787 297 Sandomiriensem,
807 273 826 292 in
841 273 992 292 Radorniensem
1013 274 1148 293 Castellaniam

256 304 275 322 ci
294 304 359 328 possit.
380 304 423 326 Qua
437 304 458 322 in
472 310 491 322 re
506 304 542 322 hoc
563 303 659 322 confirmo
673 304 695 322 V.
711 304 778 327 Mtiae,
798 310 838 323 non
855 311 956 329 passurum
971 305 1037 324 Dnum
1052 305 1147 330 Suffraga-

256 341 280 357 Π,
300 335 347 359 quin
361 335 421 360 digno
441 335 533 360 quopiam
551 341 631 354 munere
652 336 743 359 rependat
762 336 842 360 gratiam
856 340 874 354 et
888 342 968 360 operam
983 336 1005 355 V.
1020 337 1084 355 Mtiae.
1110 337 1148 355 Sed

256 366 264 384 1
280 372 377 384 summum
393 370 428 390 est,
449 372 524 385 summe
539 373 549 384 a
564 366 586 385 V.
602 366 648 385 Mtia
666 371 711 391 peto
726 371 745 385 et
758 372 841 391 quaeso,
862 367 933 391 Regiae
947 371 968 386 ut
981 368 1036 386 Mtati
1055 372 1111 386 autor
1125 368 1149 386 sit

260 398 367 416 movendas
388 402 450 422 pestes
471 398 578 423 religionis,
599 404 647 422 quae
663 398 698 416 nisi
715 398 804 416 radicitus
824 398 899 417 evulsae
918 398 997 422 fuerint,
1018 399 1066 417 nihil
1085 403 1149 423 restat,

256 435 272 447 n
286 433 306 447 ut
318 429 383 447 omnia
398 435 476 453 pessum
491 433 541 451 eant,
552 429 625 453 privata
640 429 724 454 publica,
738 435 791 448 sacra
806 429 913 454 prophana,
929 436 1004 448 summa
1017 430 1093 454 infima3
1106 431 1149 449 reli⁴

256 466 270 478 e
284 460 334 478 enim
355 466 403 484 pura
418 464 437 478 et
450 460 501 478 cultu
516 460 551 478 Dei
566 466 610 479 vero
625 460 748 479 continentur
766 460 902 485 Respublicae,
922 462 991 486 quibus
1006 462 1073 480 solutis
1087 465 1106 480 et
1119 462 1147 480 in-

256 497 263 509 ;
280 491 329 509 infici
344 491 394 515 ipsas
409 491 535 515 Respublicas
550 495 568 510 et
582 491 630 510 solvi
645 497 721 509 necesse
736 495 768 510 est.
783 492 844 510 Multa
859 492 943 511 fortassis
962 497 1006 517 peto
1021 499 1043 511 ex
1057 493 1079 511 V.
1095 493 1148 516 Mna,

256 522 310 540 idem
325 522 372 541 nihil
387 522 493 541 intermitto
509 529 597 547 quoque,
618 522 671 547 quod
685 523 708 541 ad
723 523 829 541 testandam
849 529 912 541 meam
926 524 946 542 in
960 524 1011 542 illam
1032 524 1148 544 benevoles-

274 554 368 578 pertinere
383 559 461 578 quoque
475 553 567 572 videatur.
583 554 732 578 Wrzempenses
741 553 749 566 ²
762 554 810 572 solvi
825 555 910 573 censuris
925 555 1026 574 confestim
1041 555 1093 580 jussi,
1106 555 1148 580 qui-

261 589 315 603 erant
329 589 409 610 urgente
424 585 513 603 Vladario
528 585 631 609 implicati,
646 585 721 603 ostendi
736 589 800 604 autem
810 586 868 604 simul
882 586 979 609 Vladario,
993 592 1052 611 quam
1066 587 1149 611 graviter

256 616 299 639 ·im,
319 616 354 635 hos
369 616 427 635 fuisse
441 616 558 641 implicatos,
577 616 609 641 qui
625 622 684 641 quum
699 616 737 634 sint
751 622 773 635 ex
787 617 868 635 subditis
883 617 905 635 V.
920 617 989 641 Mfiae,
1004 623 1062 642 quam
1077 624 1113 642 ego
1128 618 1148 636 in

256 647 279 665 >is
292 647 353 665 habeo
369 647 509 671 charissimam,
530 647 582 672 digni
597 652 651 670 sunt,
671 651 692 666 ut
709 648 780 666 bonam
802 648 866 672 potius
886 652 972 667 nostram
990 649 1071 673 gratiam
1092 655 1147 673 expe-

256 684 291 701 :ur,
306 685 363 703 quam
378 682 398 697 ut
411 679 488 697 molesti
509 679 555 703 quid
570 685 580 697 a
595 679 651 697 nobis
665 679 684 697 in
699 679 749 703 ipsos
767 679 903 703 proficiscatur.
923 680 1024 698 Existimet
1037 684 1101 699 autem
1117 686 1148 698 ve-

257 710 283 728 V.
298 710 353 733 Mria,
374 716 422 734 quae
442 710 491 728 facta
511 710 595 733 fuerunt,
615 716 646 728 me
661 710 721 729 inscio
736 710 783 729 facta
798 715 848 734 esse3
871 717 911 729 non
926 711 985 729 modo
1000 711 1051 730 enim
1070 712 1148 736 exiguae

256 747 266 759 s
287 741 398 765 pecuniolae
418 742 486 766 gratia,
508 742 541 760 sed
562 748 585 760 ne
605 741 643 760 ulla
662 742 741 766 quidem
761 742 784 760 de
804 748 860 760 causa
882 742 973 765 facerem,
995 746 1016 761 ut
1035 742 1096 761 sciens
1116 749 1148 761 vo-

256 778 291 797 {ue
305 773 423 791 offenderem
439 773 461 791 V.
476 773 553 796 Mtiam,
574 779 632 797 quam
647 777 665 791 et
679 779 716 797 ego
731 773 856 798 magnifacio,
878 777 896 792 et
910 774 934 792 ab
951 773 982 792 illa
996 780 1027 792 me
1041 773 1148 799 magnifieri

258 803 304 828 ligo.

256 880 283 900 29.
514 882 654 905 capitaneo
668 883 822 901 Bitomiensi
832 883 844 901 ³.

790 934 906 957 cracoviae,
921 935 945 953 Η
958 935 1075 953 Decembris
1090 936 1144 953 15⁵1.

276 976 367 998 Queritur
387 976 496 994 Generosus
516 976 633 1000 Capitaneus
654 976 769 995 Severiensis
789 980 854 994 noster
871 976 894 994 de
909 976 926 994 vi
940 976 1021 994 subditis
1041 976 1112 995 nostris
1126 977 1146 995 in

256 1006 274 1024 iu
288 1011 354 1025 nostro
373 1007 423 1025 illata
438 1014 448 1025 a
463 1007 528 1025 Nobili
543 1008 627 1032 quodam
643 1007 759 1032 Starzynski,
774 1007 807 1031 qui
822 1007 899 1025 ditionis
911 1011 939 1025 est
951 1007 1071 1025 Serenissimi
1087 1007 1145 1032 Regis

256 1039 294 1057 nani
309 1039 328 1057 in
344 1039 419 1057 Ducam
438 1039 562 1062 Bitomiensi,
583 1039 636 1063 cujus
658 1038 805 1063 Capitaneatum
825 1038 873 1063 gerit
892 1038 915 1056 V.
938 1038 989 1056 Dtio.
1010 1038 1048 1061 Qui
1069 1038 1146 1063 Capita-

256 1076 262 1087 s
275 1074 338 1089 noster
353 1070 386 1088 etsi
400 1076 436 1094 pro
457 1074 568 1088 nostrorum
583 1070 637 1089 isthic
652 1074 671 1089 et
685 1070 776 1088 clientum
796 1074 814 1088 et
828 1069 951 1088 subditorum
972 1069 1096 1088 multitudine
1110 1076 1145 1094 po-

256 1106 279 1119 set
292 1102 329 1120 vim
345 1102 415 1120 illatam
430 1102 459 1120 vel
474 1101 588 1125 reprimere,
603 1102 632 1120 vel
646 1102 742 1120 vindicare
756 1101 798 1119 Deo
813 1101 882 1125 gratia,
898 1107 973 1120 memor
988 1105 1051 1119 tamen
1066 1101 1145 1119 manda-

256 1138 276 1150 un
295 1137 416 1156 nostrorum,
440 1139 488 1158 quae
508 1133 585 1151 abeunti
603 1133 629 1151 illi
646 1133 745 1155 dedimus,
767 1137 788 1151 ut
802 1132 822 1151 in
837 1138 858 1150 ea
877 1132 973 1151 vicinitate
993 1132 1146 1151 benevolentiam

256 1169 316 1182 norum
329 1164 389 1187 omni,
405 1170 443 1188 quo
456 1168 525 1188 potest,
540 1164 605 1182 officio
621 1168 711 1187 tueretur,
726 1164 821 1182 accusavit
836 1169 870 1188 per
883 1163 947 1182 literas
958 1163 1011 1188 apud
1023 1164 1045 1182 V.
1055 1164 1145 1182 Dtionem

256 1200 262 1212 c
275 1195 348 1213 Nobilis
362 1195 416 1213 istius
430 1195 550 1218 violentiam,
571 1195 603 1220 qui
618 1195 656 1213 vim
670 1201 726 1219 saepe
741 1194 813 1219 alioqui
828 1195 847 1213 in
862 1194 922 1213 fundu
937 1199 1003 1213 nostro
1018 1195 1089 1213 illatam
1111 1195 1145 1213 ho-

256 1226 288 1244 ldio
309 1226 366 1245 etiam
381 1231 399 1245 et
413 1227 471 1245 caede
485 1227 555 1245 subditi
571 1226 630 1245 nostri
648 1226 762 1248 cumulavit,
782 1232 820 1250 qua
840 1226 863 1244 de
883 1232 903 1244 re
923 1232 984 1251 quum
1004 1227 1033 1250 jus
1048 1226 1084 1245 sibi
1098 1233 1108 1245 a
1123 1226 1145 1245 V.

256 1264 281 1276 me
296 1258 332 1276 dici
347 1258 461 1282 postularet,
477 1264 515 1276 non
530 1258 590 1276 modo
604 1258 657 1282 quod
672 1257 785 1282 postulavit,
801 1263 840 1275 non
855 1257 948 1280 obtinuit,
963 1257 996 1275 sed
1012 1257 1077 1280 etiam,
1092 1258 1145 1282 quod

267 1289 388 1313 exspectavit,
403 1289 475 1310 retulit.
491 1289 578 1307 videlicet
592 1295 627 1314 pro
642 1288 719 1313 justitia,
735 1289 831 1313 quandam
847 1289 876 1307 sui
891 1289 1062 1313 contemptionem.
1086 1289 1145 1311 Quod

256 1326 272 1338 m
285 1320 310 1338 ita
325 1320 358 1342 sit,
378 1326 412 1338 nos
427 1320 471 1344 ipsi,
492 1326 540 1345 quos
555 1320 582 1338 vis
597 1320 637 1344 ipsa
653 1320 703 1338 illata
718 1320 778 1344 magis
793 1320 854 1338 multo
868 1320 942 1343 adficit,
958 1323 976 1338 et
991 1320 1023 1344 qui
1039 1320 1058 1338 S.
1073 1320 1144 1338 Princi-

270 1351 402 1370 Romanorum
419 1352 491 1376 Regem
507 1352 535 1370 vel
549 1352 573 1370 ab
588 1351 666 1370 ineunte
680 1355 740 1370 aetate
755 1351 859 1374 coluimus,
875 1351 903 1369 vel
919 1357 970 1369 nunc
984 1350 1065 1370 mirifice
1079 1351 1144 1370 obser-

255 1388 285 1405 us,
301 1383 396 1407 rebusque
410 1383 474 1401 Mtatis
488 1383 538 1401 illius
552 1383 571 1401 in
587 1383 657 1401 Senatu
676 1387 743 1401 nostro
757 1382 881 1401 vehementer
895 1382 989 1406 favemus,
1010 1386 1028 1401 et
1043 1382 1144 1401 necessitu-

256 1420 274 1432 m
289 1414 327 1438 jam
347 1414 422 1438 pridem
437 1420 481 1432 cum
496 1414 622 1433 Serenissimo
637 1414 689 1439 Rege
709 1418 775 1432 nostru
789 1413 857 1432 initam
876 1418 954 1432 tuemur
968 1417 987 1432 et
1000 1414 1054 1438 quod
1074 1419 1142 1438 possu-

256 1459 262 1468 ,
277 1451 379 1469 augemus,
395 1451 405 1463 a
419 1445 441 1463 V.
457 1445 528 1464 Drione
543 1446 671 1470 postulamus,
687 1445 715 1469 jus
729 1445 785 1463 nobis
800 1445 823 1464 de
838 1445 873 1463 huc
888 1445 924 1463 isto
940 1445 1005 1463 Nobili
1025 1451 1048 1463 ne
1063 1444 1143 1463 differat.

256 1477 286 1501 qui
311 1477 363 1495 enim
385 1483 461 1495 causam
485 1477 509 1495 ad
532 1477 612 1501 Regiam
635 1477 713 1495 Mtutem
736 1476 810 1495 deferre
832 1482 955 1500 cogeremur,
978 1482 1026 1500 quae
1048 1476 1094 1494 dum
1117 1476 1143 1494 ibi

256 1508 329 1533 igitur,
352 1508 457 1527 verendum
478 1512 514 1531 est,
534 1515 558 1527 ne
575 1508 664 1527 homines
685 1512 761 1526 nostros
783 1507 840 1526 dolor
859 1511 916 1532 atquc
939 1507 1007 1531 injuria
1027 1513 1050 1525 eo
1069 1507 1142 1532 adigat,

268 1545 306 1557 nos
332 1539 411 1558 minime
438 1539 527 1558 omnium
552 1539 649 1558 vellemus.
670 1539 692 1557 V.
710 1539 756 1557 Dtio
779 1539 828 1557 bene
853 1538 919 1557 valeat.
947 1539 1018 1557 Datum
1036 1538 1086 1556 Xllll
1105 1538 1142 1556 De-

256 1572 288 1590 =ris
309 1570 380 1589 MDLI.

264 1666 344 1681 Andreae
356 1665 410 1684 Szpotr

260 1691 344 1711 wrquia
357 1691 384 1705 lub
396 1690 464 1710 Wrqu?
476 1695 491 1705 w
502 1690 556 1710 parafii
569 1690 650 1705 Cerekiew
661 1690 700 1705 kolo
712 1689 777 1705 Bochni.

258 1719 325 1735 Miasro
338 1717 400 1737 Byrom,
412 1716 458 1731 niem.
470 1716 542 1732 Beuthen
554 1721 573 1732 na
584 1716 655 1736 Szlqsku.

257 1756 300 1768 Aa.
308 1753 375 1766 roto-su
384 1752 452 1768 mnu,
460 1754 504 1765 «mm
512 1752 523 1765 1.
1017 1747 1043 1766 49
