1465 2093
532 500 701 530 ANDREAE
720 500 895 530 ΡΑτκιοΠι

433 559 664 597 ANDREAE
689 559 775 607 ΖΕΒ
785 560 994 598 RZIDOVII

323 625 509 642 DESIGNA'H
524 625 768 642 CRACOVIEN'SIS
784 626 950 643 EPISCOPF
964 626 1102 646 NOMINE,

422 674 688 702 Epistolamm
709 674 829 696 Liber
849 678 1006 703 primus.

276 809 318 829 561.
496 810 647 829 Alexandro
661 810 785 829 Parnesio
800 810 936 829 cardinali.

824 856 941 880 Cracoviae,
955 858 980 875 ³1
993 857 1108 876 Decembris
1122 858 1180 876 1550.

311 893 336 911 lta
351 893 398 911 mihi
412 899 454 911 sors
469 893 564 917 quaedam
578 892 644 917 iniqua
659 899 735 917 semper
749 893 855 917 praecludit
872 893 966 912 rationem
983 893 1093 912 referendae
1109 894 1181 919 gratiae

250 922 278 942 V.
287 924 307 942 R.
320 924 367 943 Ptati
380 930 416 949 pro
428 924 509 943 summis
523 924 583 948 ipsius
598 930 642 948 erga
654 930 685 942 me
697 923 766 942 officiis
777 930 798 942 ac
811 925 889 948 meritis,
905 929 925 943 ut
937 925 1025 943 dolorem
1038 931 1110 948 meum,
1122 931 1181 950 quem

250 953 296 974 {fide
308 955 368 980 capio,
383 956 476 980 explicare
496 956 552 980 plane
572 962 610 974 non
628 955 708 980 possim,
728 956 789 974 Video
804 961 859 978 sane,
877 956 924 980 quid
939 962 969 974 me
984 956 1020 974 hoc
1035 960 1122 980 tempore
1141 962 1181 975 ma-

250 986 300 1005 xime
312 987 372 1005 facere
387 987 486 1006 decuisset.
502 986 539 1005 Sed
552 986 610 1011 quid?
625 987 673 1005 Veni
686 987 805 1010 Cracoviam,
821 991 841 1005 ut
855 987 975 1012 jurijurando
987 987 1116 1012 subjectionis,
1128 988 1182 1012 quod

252 1015 283 1039 nl.
294 1018 333 1037 Dux
347 1018 435 1037 Prussiae
450 1018 497 1043 Regi
512 1022 580 1036 nostro
595 1018 721 1037 Serenissimo
735 1018 813 1043 juravit,
831 1018 950 1037 interessem:
968 1018 998 1037 hic
1012 1022 1087 1043 praeter
1101 1025 1181 1037 omnem

252 1053 304 1073 Spem
317 1056 379 1068 meam
399 1049 525 1074 Episcopatus
546 1049 689 1073 Cracoviensis,
709 1056 766 1074 quem
786 1056 822 1074 ego
839 1050 863 1068 de
881 1050 1034 1074 possessionibus
1054 1051 1101 1069 meis
1121 1057 1181 1075 quum

254 1080 327 1104 exirem,
348 1087 430 1100 vacuum
451 1081 521 1100 factum
542 1087 581 1100 esse
596 1081 666 1099 nescivi
676 1081 689 1104 ³,
709 1081 728 1099 in
743 1087 774 1099 me
789 1085 817 1099 est
831 1081 900 1099 Divina
911 1081 918 1093 ⁴
935 1081 1052 1106 benignitate
1072 1081 1182 1106 Regiaeque

253 1108 312 1131 Maris
326 1113 425 1131 voluntate
439 1112 523 1131 collatus.
542 1112 606 1137 ltaque
620 1112 692 1131 sacrum
709 1116 742 1136 est,
763 1116 783 1131 ut
797 1118 857 1137 quum
873 1112 934 1131 isthuc
944 1113 951 1124 ⁵
970 1112 1114 1131 confirmandae
1128 1113 1182 1132 istius

254 1139 320 1168 Regiae
333 1143 437 1162 voluntatis
452 1150 508 1163 causa
522 1144 585 1167 mitto,
600 1144 627 1163 sic
641 1144 716 1162 mittere
730 1148 806 1163 coactus
821 1150 891 1167 essemy
906 1144 954 1162 sicut
968 1150 1001 1162 eos
1015 1148 1098 1169 oportet,
1112 1144 1182 1169 quibus

252 1177 326 1200 peregre
341 1175 465 1194 existentibus
479 1175 525 1194 haec
539 1175 574 1194 ista
589 1175 678 1194 mittendi
698 1175 799 1194 necessitas
814 1175 907 1193 incubuit.
927 1176 955 1193 Ac
970 1181 1000 1193 me
1015 1175 1093 1199 quidem
1114 1175 1149 1194 hac
1162 1176 1181 1194 in

253 1207 274 1224 1¹2
285 1206 330 1225 nihil
343 1206 446 1225 conturbat
460 1206 530 1231 magis,
550 1206 622 1231 alioqui
637 1207 688 1225 enim
703 1206 822 1231 gratificandi
837 1206 860 1224 V.
875 1206 898 1224 R.
913 1206 961 1225 Ptati
977 1206 1037 1225 multo
1058 1213 1109 1225 nunc
1126 1206 1182 1226 offer-

250 1238 281 1256 tur
292 1238 370 1256 uberior
389 1237 473 1260 occasio,
494 1237 529 1256 nisi
545 1238 598 1262 quod
612 1238 710 1262 suppudet
723 1237 779 1256 toties
793 1238 815 1256 V.
831 1237 853 1256 R.
870 1237 918 1256 Ptati
932 1237 1052 1262 promisisse,
1072 1238 1120 1256 nihil
1136 1244 1182 1257 vero

251 1268 363 1293 praestitisse
386 1275 478 1293 unquam.
500 1268 538 1287 Sed
559 1275 595 1294 ego
615 1269 662 1287 haec
682 1269 772 1293 deinceps
795 1269 876 1287 libenter
896 1269 1029 1293 magnitudine
1050 1274 1068 1287 et
1082 1269 1182 1288 crebritate

251 1305 334 1320 meorum
350 1299 460 1319 officiorum
474 1300 562 1324 sarciam,
577 1300 737 1325 quandoquidem
752 1306 783 1318 me
797 1300 835 1325 jam
851 1300 902 1318 Deus
917 1300 936 1318 in
950 1300 996 1318 haec
1011 1300 1062 1324 loca,
1077 1300 1141 1319 ltaliae
1155 1301 1182 1319 vi-

250 1331 321 1351 ciniora
335 1335 355 1350 et
368 1331 479 1355 celebriora,
493 1332 595 1350 vocaverit.
609 1332 632 1350 V.
645 1331 667 1350 R.
683 1331 757 1350 Ptatem
771 1331 843 1350 interea
857 1337 898 1355 or0,
914 1335 935 1350 ut
946 1331 975 1350 his
990 1331 1037 1350 meis
1051 1331 1182 1355 servitoribus,

250 1363 318 1389 quibus
332 1362 387 1381 isthic
402 1368 465 1381 rerum
482 1369 569 1382 mearum
588 1368 653 1381 curam
671 1363 793 1386 demandavi,
813 1362 881 1387 gratia,
900 1362 1011 1385 autoritate,
1026 1366 1044 1381 et
1057 1363 1118 1381 sicubi
1132 1368 1182 1387 opus

250 1394 300 1417 bret,
316 1393 398 1412 consilio
412 1394 479 1412 adesse
493 1393 589 1419 dignetur,
603 1398 625 1412 ut
636 1394 674 1412 cito
686 1398 704 1412 et
717 1394 764 1412 bene
778 1394 835 1412 rebus
850 1393 941 1412 confectis
955 1394 979 1412 ad
991 1400 1027 1412 nos
1042 1394 1126 1412 redeant.
1140 1394 1182 1419 Ego

250 1431 294 1444 tanc
310 1424 334 1443 V.
350 1424 373 1443 R.
388 1424 447 1443 pratis
467 1425 547 1449 gratiam
561 1425 586 1443 ad
600 1429 662 1444 cetera
676 1425 773 1450 adjiciam,
794 1431 850 1450 quae,
864 1425 913 1444 sieut
927 1423 975 1448 dixi,
989 1424 1067 1449 officiis,
1081 1425 1183 1449 obsequio,

252 1461 297 1476 rata
313 1456 412 1475 voluntate
427 1462 520 1480 reponam
535 1456 598 1481 primo
613 1462 692 1481 quoque
705 1460 795 1481 tempore
811 1456 832 1474 V.
847 1456 869 1474 R.
885 1456 944 1480 Ptati,
964 1462 1021 1481 quam
1036 1456 1068 1475 diu
1087 1457 1137 1475 bene
1150 1463 1182 1475 va-

250 1494 280 1508 =re
296 1491 353 1512 opm.
369 1486 486 1511 Cracoviae,
500 1487 566 1506 ultima
581 1487 693 1506 Decembris
707 1487 768 1506 MDL.

272 1589 278 1599 ¹
307 1587 381 1603 Nidecki.
445 1586 452 1597 ²
466 1586 491 1602 Od
504 1591 522 1602 u
534 1586 601 1607 grudnia
612 1592 624 1602 r.
639 1586 712 1605 1550‚·cf.
724 1587 838 1607 Appendicem.
901 1587 908 1597 ²
921 1586 928 1602 ἓ
991 1587 997 1597 ⁴
1015 1586 1019 1601 !

273 1615 282 1626 Β
307 1614 383 1629 Rom-m.
