1465 2093
580 201 724 216 emsa-omnum
737 202 801 220 mmu,
815 202 873 216 max.
1160 203 1196 222 3⁴7

264 255 384 278 habebimus;
400 261 444 273 nam
459 254 551 279 Equitum
566 254 628 272 studia
643 257 661 272 et
675 253 748 272 favores
763 254 782 272 in
797 254 847 273 hunc
863 254 919 273 istum
937 255 1080 280 Mikolajowski
1094 255 1196 274 vehemen-

263 291 289 305 ter
303 287 372 305 merito
387 292 422 305 suo
436 290 481 304 sunt
500 291 603 310 propensa.
623 285 669 307 Quo
689 286 761 310 majore
776 286 804 304 vel
819 292 855 310 ego
870 286 967 304 servitoris
987 286 1041 304 istius
1055 286 1148 311 augendi,
1167 287 1196 305 vel

264 318 301 342 ipse
314 317 431 336 honestandi
442 317 471 335 sui
484 316 579 334 desiderio
594 319 689 339 tenemur,
702 316 740 334 hoc
752 316 812 341 magis
826 317 936 335 servitutem
951 323 986 342 pro
1000 317 1093 336 beneficio
1107 322 1196 336 nostram

264 349 314 368 Mtati
329 349 352 367 V.
367 352 447 373 uterque
467 348 584 370 dicabimus,
604 347 634 366 cui
649 348 719 366 bonam
740 347 868 366 valetudinem
883 352 902 366 et
915 348 985 373 dignos
1005 354 1103 367 successus
1120 355 1195 373 precor.

265 380 333 399 Datum
347 380 389 398 VIII
404 379 462 403 Junii,
476 378 599 397 Petricoviae.

285 458 330 477 659.
482 457 625 479 Benedicto.
640 457 768 480 Episcopo
782 457 955 477 Posnaniensi
966 458 976 477 ¹.

900 505 1026 528 Petricoviae,
1043 506 1055 523 8
1069 505 1123 524 szii
1138 506 1195 524 1551.

322 543 437 561 Decrevernt
455 547 519 559 secum
535 540 565 558 hic
579 540 684 563 Zelowski.
699 540 732 565 qui
747 540 792 559 istas
807 540 829 559 R.
844 541 866 559 V.
883 541 948 559 Dtioni
963 542 1056 564 reddidit,
1074 542 1128 566 queri
1142 543 1195 567 apud

259 573 363 599 Synodum
383 574 407 592 de
421 573 444 591 V.
460 573 482 591 R.
497 572 568 590 Dtione
583 572 608 590 ub
622 571 710 596 injurias,
731 577 778 596 quas
795 572 819 590 ab
837 572 867 590 illa
881 579 901 590 se
915 573 1010 597 accepisse
1030 573 1080 591 dicit.
1106 573 1126 591 Id
1147 573 1194 592 mihi

256 611 320 630 quum
336 605 391 623 Dnus
403 604 523 623 Castellanus
534 602 688 621 Zavichostensis
698 602 711 625 ²,
726 602 759 627 qui
768 609 778 621 a
791 603 813 621 R.
826 603 884 622 Mtate
898 604 921 621 ad
934 610 970 622 nos
981 604 1054 628 legatus
1067 604 1107 627 fuit,
1122 605 1195 629 quique

256 636 310 656 hunc
326 636 419 655 Zelowski
437 635 550 654 servitorem
565 634 630 657 habet,
645 634 730 656 dixisset,
748 634 853 659 interposui
868 641 899 653 rne
913 635 1014 654 confestim
1029 641 1108 660 remque
1123 642 1147 653 eo
1161 636 1193 654 dc-

256 668 311 691 duxi,
326 672 348 686 ut
362 668 392 686 ille
407 666 574 686 commendatitias
594 665 657 690 potius
671 671 681 683 a
696 671 727 683 me
744 665 768 683 ad
782 665 804 683 V.
824 665 846 684 R.
861 666 952 684 Drioncm
967 666 1071 691 acciperet,
1091 672 1148 691 quam
1163 666 1194 685 hic

256 700 280 718 de
296 700 376 718 absente
391 702 508 723 quereretur.
529 697 594 722 Itaque
608 703 619 715 a
634 696 656 714 V.
671 696 694 714 R.
709 696 780 715 Dtione
798 701 852 721 peto,
867 701 885 715 et
899 697 979 722 quidem
993 698 1104 722 diligenter,
1119 697 1194 716 homini

256 735 277 749 ut
293 730 319 749 ita
334 730 445 752 satisfaciat,
466 735 490 748 ne
505 729 528 747 de
543 729 573 747 illa
588 734 628 752 quo
648 728 689 752 jure
708 733 784 752 quaque
806 728 874 753 injuria
895 729 949 753 queri
968 735 1024 753 posse
1042 729 1138 752 videatur‘,
1158 735 1194 753 ego

256 762 283 780 ini
299 761 377 780 abunde
392 767 402 779 a
418 761 439 779 V.
454 761 477 779 R.
494 760 565 779 Dtione
579 759 697 778 satisfactum
712 759 734 777 iri
749 759 839 783 promisi,
853 760 868 778 si
883 760 934 784 apud
949 760 971 778 V.
987 760 1009 778 R.
1024 760 1115 778 Dtionem
1131 760 1195 785 potius

256 793 347 811 dolorem
361 798 425 814 suum,
440 798 498 817 quam
514 791 533 809 in
548 791 641 809 concione
656 794 767 814 exponeret.
782 790 837 809 Hanc
852 797 915 809 meam
930 791 986 815 igitur
1001 790 1058 809 fidem
1074 791 1096 810 V.
1112 791 1134 810 R.
1150 791 1195 810 Dtio

256 822 335 843 liberet.
355 821 438 840 inimicis
452 824 516 839 autem
534 821 657 839 exultationis
677 821 797 840 occasionem
818 822 923 846 praecidat,
944 822 977 847 qui
995 828 1106 847 quanquam
1128 829 1156 841 res
1170 823 1195 841 ita

256 857 312 878 gesta
327 859 367 871 non
382 856 439 875 esset,
459 856 480 871 ut
494 853 518 870 ad
538 858 651 871 concessum
672 857 759 871 nostrum
781 853 850 872 adferri
873 859 914 872 eam
933 857 1033 878 oporteat,
1052 858 1117 872 tamen
1132 853 1195 872 afferri

256 890 301 902 eam
316 883 440 902 vehementer
454 884 565 908 gauderent,
586 888 604 902 et
617 884 692 902 allatam
707 883 792 902 fortassis
811 888 953 909 exaggerarent.
973 885 995 903 V.
1011 885 1033 903 R.
1049 885 1139 903 Dtionem
1159 891 1195 909 op-

256 915 305 934 time
319 915 381 933 valere
396 915 459 939 cupio.
474 914 598 938 Petricoviae,
613 914 656 933 VIII
671 915 721 933 Iunii
736 915 807 934 MDLI.

284 993 330 1012 660.
437 994 510 1013 Petro
524 993 687 1016 Miskowski,
702 994 833 1014 Canonico
848 995 1019 1014 cracoviensi.

885 1041 1014 1064 Petricoviac,
1029 1042 1054 1059 lzl
1067 1041 1123 1060 ,lunii
1138 1042 1194 1060 1551.

322 1077 371 1096 Male
385 1077 408 1096 sit
423 1077 473 1101 huic,
489 1077 600 1102 quicunque
615 1077 655 1102 ejus
669 1077 777 1096 calumniae
791 1082 848 1096 autor
861 1077 897 1096 fuit
906 1078 919 1101 ³,
938 1084 996 1102 quam
1011 1081 1032 1096 ut
1046 1078 1068 1096 V.
1083 1078 1127 1096 Ftas
1142 1078 1193 1103 apud

256 1116 289 1128 me
304 1113 403 1134 purgaret,
423 1108 531 1127 faciendum
545 1108 581 1126 sibi
596 1115 636 1126 esse
657 1108 731 1132 putavit
762 1108 816 1131 Quae
836 1109 930 1127 calumnia
950 1109 984 1127 etsi
1003 1109 1055 1133 apud
1070 1115 1100 1127 me
1120 1113 1194 1128 tantum

257 1147 298 1159 non
313 1140 378 1163 valuit,
393 1144 414 1158 ut
428 1143 512 1158 veterem
529 1139 615 1158 animum
635 1146 700 1158 meum
715 1146 725 1158 a
739 1139 762 1158 V.
777 1139 831 1158 Frate
850 1140 948 1159 averterit:
967 1144 1032 1159 tamen
1047 1144 1068 1158 ut
1081 1146 1148 1159 verum
1168 1140 1194 1159 fa-

256 1176 305 1195 tear,
321 1177 376 1189 causa
391 1170 432 1194 fuit,
447 1171 574 1196 quamobrem
587 1177 616 1189 res
628 1170 729 1189 nonnullas
744 1177 795 1189 meas
810 1171 864 1190 aliter
878 1171 1021 1194 constituerem,
1037 1177 1094 1196 quam
1107 1172 1194 1190 fecissem

256 1202 337 1227 alioqui,
352 1202 367 1221 si
379 1208 445 1221 cursus
459 1202 527 1220 veteris
542 1202 682 1227 conjunctionis
697 1206 773 1221 nostrae
788 1202 891 1227 impeditus
906 1202 941 1221 hac
953 1203 987 1221 ista
1005 1203 1078 1221 ratione
1092 1209 1131 1221 non
1149 1203 1194 1222 suis-

256 1238 291 1253 set.
307 1233 346 1252 Sed
360 1234 374 1252 si
390 1240 420 1252 me
434 1240 445 1252 a
459 1233 481 1251 V.
496 1233 550 1252 Ftnte
565 1237 639 1251 tantum
654 1239 711 1257 porro
726 1233 786 1252 amari
800 1240 884 1256 sensero,
902 1238 995 1258 quantum
1011 1234 1091 1258 epistola
1106 1235 1146 1259 ipsa
1160 1241 1194 1253 sua

256 1265 376 1290 praeseferre
391 1265 473 1287 videtur,
494 1271 534 1283 non
549 1271 625 1288 vercor,
643 1270 667 1282 ne
681 1265 746 1283 omnia
761 1265 785 1283 ad
799 1265 894 1290 integrum
910 1265 971 1283 redire
987 1271 1026 1283 non
1040 1265 1124 1289 possint,
1144 1271 1193 1290 quae

256 1296 286 1315 vel
307 1296 377 1320 rejecta
392 1296 420 1314 vel
435 1296 543 1314 intermissa
557 1302 597 1314 csse
612 1296 732 1314 videbantur.
753 1296 865 1314 Amantium
880 1296 917 1314 iras
931 1296 1003 1314 amoris
1017 1296 1081 1315 serunt
1093 1302 1133 1315 esse
1152 1297 1194 1315 red-

256 1327 414 1352 'ntcgrationcnr
430 1327 510 1352 Optime
525 1327 586 1346 valeat
598 1327 620 1346 V.
632 1327 682 1345 Ftas.
695 1327 746 1345 XIIII
761 1327 821 1350 Junii,
837 1327 961 1346 Petricoviae.

279 1406 329 1425 661.
397 1406 505 1425 Nicolao
519 1406 689 1428 Grabioneae,
706 1406 837 1426 canonico
852 1406 1051 1425 Praemisnensi.

887 1452 1015 1475 Fen-icariae,
1032 1454 1055 1471 Η
1068 1453 1123 1471 lunii
1140 1454 1193 1471 15⁵1.

321 1490 368 1512 Quo
383 1489 463 1514 propius
478 1490 544 1508 messis
559 1494 635 1514 tempus
649 1490 743 1512 imminet,
758 1489 794 1508 hoc
809 1490 899 1508 decumae
918 1494 994 1508 nostrae
1009 1495 1074 1508 curam
1089 1494 1194 1514 exposcunt

257 1523 359 1547 majorem.
380 1521 468 1543 Quarum
482 1521 561 1546 quidem
576 1521 700 1540 decumarum
722 1521 814 1545 quoniam
832 1521 914 1539 rationes
928 1521 990 1539 adhuc
1010 1525 1065 1539 notas
1080 1527 1120 1539 non
1134 1521 1192 1539 habe-

256 1561 302 1577 mus,
319 1559 331 1571 a
348 1552 401 1571 I-'tute
416 1552 438 1570 V.
453 1553 546 1577 petimus,
560 1558 580 1572 ut
595 1552 668 1571 tabulas
682 1556 700 1570 et
715 1555 788 1576 regesta
802 1558 834 1575 ea,
849 1551 919 1576 quibus
934 1551 984 1576 ipsa,
999 1558 1059 1576 quum
1074 1558 1085 1570 a
1099 1551 1192 1571 thesauris

284 1644 289 1654 ι
318 1642 331 1657 Ζ
345 1641 382 1656 lis-tu
394 1640 424 1660 ¹339
435 1641 518 1661 wypiywn,
532 1641 548 1655 ie
560 1641 616 1661 biskup
629 1640 714 1656 Izdbieriski
727 1640 751 1655 nie
762 1640 852 1660 przyjechat
864 1645 883 1655 na
894 1641 950 1660 synod.

281 1670 289 1681 α
317 1667 409 1683 stanislaus
421 1667 518 1682 Tarnowski.

283 1697 292 1707 :i
320 1693 347 1709 Cf.
359 1693 374 1708 in
387 1693 477 1713 Appendicc
490 1692 609 1708 instructionem
621 1693 674 1708 datam
686 1692 749 1707 Nunciis
761 1692 829 1712 Capituii
841 1692 949 1708 cracoviensis
960 1693 979 1708 ad
991 1692 1073 1714 synodum
1085 1698 1099 1709 a.
1113 1693 1156 1710 1531.
