1465 2093
269 203 294 222 86
636 207 656 222 Λ.
669 207 830 222 mmmwsn.

270 261 346 280 buisset.
361 260 410 283 Quis
424 264 452 279 est
466 260 524 283 enirn,
539 260 572 285 qui
587 267 626 279 non
641 260 739 285 intelligat,
753 264 847 279 terrarum
861 260 958 279 libertates
972 260 1010 279 aris
1023 264 1080 279 tenus
1094 260 1153 283 valere,
1167 261 1180 279 in

269 298 311 311 aras
325 292 374 316 ipsas
388 292 435 317 juris
449 292 553 317 quicquam
568 292 638 310 habere
653 298 687 310 nec
701 298 763 316 posse,
777 298 812 310 nec
827 290 909 310 debere?
929 291 967 310 Sed
982 292 1006 310 de
1020 291 1050 310 his
1064 297 1100 310 suo
1113 292 1149 310 loco
1159 292 1178 311 fu-

269 323 313 342 sius.
333 324 389 342 Nunc
403 323 451 342 nihil
464 323 522 346 aliud,
544 329 602 348 quam
621 329 656 348 pro
670 323 726 342 solita
746 327 821 342 rantum
840 322 961 342 observantia
980 329 1023 342 mea
1044 323 1067 341 R.
1086 323 1150 342 Pratem
1164 323 1177 342 V.

269 361 324 379 rogo,
339 358 360 373 ut
373 355 540 379 quemadmodum
555 354 676 373 autoritatem
696 360 758 373 meam
773 358 792 373 et
805 354 958 379 jurisdictionem
972 354 1063 379 exposuit
1081 354 1157 373 manibus
1166 358 1178 373 et

270 386 370 405 temeritati
390 386 492 404 hominurn
512 386 670 410 prophanorum.
690 386 781 410 illamque
795 385 919 404 vehementer
938 385 1040 409 diminuit,
1060 386 1085 404 ita
1099 385 1176 409 nunciam

270 417 364 435 rationem
379 417 441 440 ineat,
461 423 499 442 qua
517 417 578 441 possit
591 423 614 435 ex
627 417 716 435 manibus
739 417 817 435 illorum
837 417 922 435 revocari
937 420 955 435 et
968 417 988 435 in
1003 416 1100 442 integrum
1119 416 1176 436 restitui

270 448 313 466 Hoc
332 448 416 467 Ecclesia
431 448 466 467 Dei
480 448 549 472 ipsius,
570 448 606 467 hoc
621 448 737 473 Respublica
758 452 833 471 nostra,
853 448 889 466 hoe
907 447 993 467 officium
1008 448 1031 466 R.
1046 447 1105 466 Ptatis
1117 447 1177 471 V.,lwt

269 480 335 498 m'eum
350 479 369 498 in
384 479 435 498 illam
455 479 550 502 studium,
570 479 583 497 ι’
595 485 633 504 quo
648 485 695 504 ege,
715 479 751 498 nisi
766 479 784 498 vi
798 479 897 498 manifesta
911 485 977 504 cogar,
998 485 1098 504 nunquam
1112 479 1176 501 resiliam,

270 510 350 535 requirit
364 514 382 529 et
396 510 488 535 exposcit.
511 510 563 529 Bene
580 510 641 529 valeat
655 510 679 529 R.
693 510 737 529 Ptas
751 510 774 529 V.

297 582 339 602 165.
524 584 639 603 'rhomae
653 584 771 606 Sol-soem,
791 584 954 603 cancellario.

838 630 977 653 VladisIaviae,
992 636 1017 649 m.
1033 630 1127 649 Januario
1139 630 1178 649 15⁴7.

333 667 428 686 Nolebam
443 667 527 692 amplius
539 668 562 686 de
574 667 603 686 his
618 667 720 692 quicquam
736 667 837 690 violentiis,
852 667 1005 692 indignitatibus,
1019 666 1178 691 contemptionibus.

271 698 348 723 rapinis,
362 698 452 717 conviciis
466 703 484 717 et
498 699 591 718 sexcentis
606 699 647 717 aliis
661 698 735 723 injuriis
749 698 773 716 ad
788 698 855 716 Mtiam
870 698 893 716 V.
907 698 1000 721 scribere,
1020 702 1127 722 propterea,
1143 697 1179 722 quod

271 730 352 748 eandem
367 735 444 754 semper
457 730 571 749 cantilenam
586 736 663 753 canere,
682 730 711 748 vel
729 730 828 754 planctum
848 729 912 754 potius
932 729 1024 754 plangere
1043 729 1118 747 videor:
1134 733 1179 747 tamen

271 761 318 785 quin
332 767 368 785 pro
382 767 458 780 summa
477 761 535 780 Mtiae
550 761 573 780 V.
588 762 607 780 in
623 761 679 780 rebus
699 761 747 780 meis
767 759 864 786 diligentia
883 767 939 785 agam
958 760 1038 785 gratias,
1060 760 1180 779 continerem

272 798 311 811 non
326 792 388 817 potui.
411 792 527 811 Gravissima
546 797 590 811 sunt
604 793 680 815 omnia,
700 798 750 817 quae
767 793 862 815 sustineo,
882 792 915 810 sed
929 791 977 810 illud
991 791 1103 816 gravissimo
1120 791 1180 816 gravius,

271 824 324 848 quod
340 830 362 842 ex
376 823 399 842 R.
420 823 464 842 Dno
479 823 601 842 Cracuviensi
621 824 722 842 adversum
740 829 770 842 me
785 823 862 848 prodiit,
877 829 886 841 a
901 829 941 848 quo
955 823 1062 845 hominem,
1081 822 1097 841 si
1111 828 1144 841 non
1158 821 1180 840 ob·

271 854 365 873 servantia
380 861 422 873 mea
442 855 552 880 singularis,
572 854 658 874 officium
678 859 728 874 certe
748 855 807 879 ipsius
827 854 922 873 retrahere
942 853 1015 872 debuit.
1041 853 1094 876 Quid
1111 853 1182 872 attinebat

272 886 335 908 enim,
356 886 398 904 illos
412 886 455 911 pios
469 890 487 905 et
501 886 596 911 sapientes
609 886 671 909 viros,
691 886 774 911 majores
788 890 864 905 nostros
878 886 996 910 Episcopos,
1015 889 1068 904 tanea
1082 891 1127 910 ope,
1142 883 1183 903 tanti

272 917 344 936 viribus
359 917 393 936 niti
407 918 430 936 ad
445 917 574 936 obtinendum
589 923 624 936 suu
639 917 702 936 ordini
717 917 813 942 perpetuis
833 917 953 941 temporibus
967 916 1046 935 alteram
1061 915 1184 937 cancellariam.

272 948 288 967 si
303 948 404 971 Samuelis,
419 949 510 973 Episcopi
524 948 657 967 Cracoviensis
672 952 690 967 et
705 948 857 970 Procancellarii,
876 947 962 966 officium
977 953 1018 966 non
1032 947 1075 970 suit,
1094 945 1185 966 ecclesiani-
1204 952 1207 969 ξ

272 985 313 998 cam
328 979 434 998 libertatem
449 979 550 998 defendere
562 979 625 1004 potius
637 985 695 1004 quam
710 978 834 998 labefactare?
849 979 950 1004 Exponam
962 979 982 997 S.
994 979 1049 997 Mtati
1063 978 1144 1003 copiose,
1153 977 1186 1003 quid
1204 1002 1207 1007 ι

272 1011 303 1029 ille
323 1010 361 1029 suis
380 1011 482 1030 mandatiis
504 1011 562 1029 literis
582 1010 664 1029 effecerit
683 1010 702 1029 in
718 1010 837 1033 pomerania,
860 1014 878 1029 et
897 1010 947 1028 ultra
968 1009 1091 1028 munimenta
1111 1009 1207 1041 Ecclesia3

273 1048 326 1060 meae
341 1042 400 1061 multa
415 1046 433 1061 et
447 1042 556 1064 fortissima,
571 1048 620 1067 quae
634 1048 669 1066 ego
681 1042 705 1060 ad
717 1042 856 1060 ostendendam
871 1041 897 1060 rei
912 1041 1046 1066 indignitatem
1061 1047 1106 1059 eum
1119 1040 1190 1060 omnium
1205 1042 1207 1064 l

272 1073 400 1092 admiratione
415 1073 521 1092 exhibebo:
536 1073 632 1098 proferam
648 1073 704 1091 etiam
718 1076 776 1091 restes
790 1073 842 1097 ipsos
856 1073 970 1094 sacerdotes.
985 1072 1018 1097 qui
1033 1078 1096 1098 quum
1109 1072 1192 1094 sentirent.
1206 1066 1207 1075 ¹

274 1104 424 1129 jurisdictionem
440 1104 477 1123 illic
492 1108 576 1122 nostram
596 1104 673 1128 penitus
688 1110 728 1122 esse
743 1110 836 1127 eversam,
851 1104 941 1122 excedere
956 1104 992 1122 illis
1006 1104 1063 1122 terris
1077 1108 1123 1122 sunt
1140 1102 1195 1122 coacti.

274 1135 365 1153 Praesens
387 1139 447 1154 cetera
463 1140 481 1154 et
495 1135 573 1160 quidem
593 1136 686 1160 graviora.
710 1135 767 1153 Hunc
781 1135 912 1160 Augustinum
927 1135 1046 1158 Scultetum,
1067 1141 1141 1158 meum,
1154 1140 1196 1153 com·

274 1166 345 1184 mendo
361 1166 379 1184 in
394 1166 433 1185 suis
448 1166 529 1191 negotiis
544 1166 601 1185 Mtiae
616 1166 646 1190 V.,
661 1172 710 1191 quae
724 1166 772 1185 bene
787 1166 852 1185 valeat.
990 1161 994 1164 ⁸

458 1313 722 1340 Epistolarum
746 1313 865 1335 Liber
889 1313 1029 1336 sextus

303 1431 346 1450 164.
546 1432 721 1455 SigismundO.
735 1432 798 1456 Regi
813 1432 940 1451 Poloniae.

804 1479 925 1503 Radziejdiv,
940 1482 1023 1497 exeunte
1038 1479 1143 1498 Ianuario
1157 1480 1208 1498 1517.

338 1514 418 1538 Egimus
433 1514 462 1532 hic
477 1514 496 1532 iu
511 1514 637 1539 l³adziejow¹
653 1514 775 1533 Conveniam
786 1514 794 1527 ²
808 1515 899 1534 mandatu
915 1515 934 1534 S.
949 1515 1013 1534 Mtatis
1026 1515 1056 1538 V.,
1072 1516 1092 1534 in
1108 1522 1150 1541 quo
1163 1516 1208 1535 detli-

277 1551 319 1564 mus
334 1551 423 1570 operam,
443 1550 464 1564 ut
478 1551 533 1569 cura,
553 1546 613 1568 labor,
636 1546 733 1570 diligentia
754 1550 818 1564 nostra
837 1552 881 1564 cum
896 1546 915 1564 S.
930 1546 995 1565 Mtatis
1009 1546 1033 1565 V.
1053 1547 1157 1566 voluntate
1178 1547 1207 1572 pia

277 1576 355 1599 Sancta,
375 1583 418 1595 vere
433 1577 492 1602 Regia
506 1581 525 1595 et
538 1581 616 1601 paterna
636 1583 740 1602 congruere
758 1577 859 1596 videretur.
882 1578 931 1596 Nam
946 1583 1008 1602 quum
1023 1584 1046 1597 ex
1062 1578 1110 1597 Dno
1126 1578 1207 1598 Gorecki

313 1649 318 1660 Ι
340 1649 402 1668 Μὶεῇκε
413 1649 479 1668 sejrniku
491 1649 624 1669 purtykularnegn
636 1650 639 1664 i
653 1650 747 1670 wybierania
758 1650 821 1670 posldw
833 1656 852 1666 na
863 1651 901 1669 seim
913 1655 921 1665 1
931 1650 1043 1670 wojuwadztw
1055 1651 1208 1672 inowroclawskieg

340 1675 343 1689 i
356 1675 546 1695 brzesko-kuinwskiegm
558 1679 590 1696 tyni
602 1680 653 1691 ratem
666 1676 723 1691 musiat
734 1676 757 1696 sie
768 1676 823 1695 seimik
834 1676 885 1697 odbyc'
897 1676 946 1692 ukolo
958 1676 977 1691 ²3
989 1677 1062 1698 srycznia
1077 1678 1118 1698 ¹⁵⁴7
1129 1683 1148 1697 r.,
1156 1682 1167 1694 ι.
1178 1679 1188 1698 j.
1197 1683 1207 1693 n

340 1700 350 1716 ιὶ
361 1700 425 1721 tygudni
437 1701 484 1721 przed
496 1705 556 1721 snmym
568 1701 639 1720 sejmem.
703 1702 709 1712 ²
724 1702 841 1717 Particularern.
